
      <record>
         <leader>00000nz  a2200169   4500</leader>
         <controlfield tag="001">30002690</controlfield>
         <controlfield tag="003">RISM</controlfield>
         <controlfield tag="005">20160216</controlfield>
         <controlfield tag="008">160216n||az|||||||##########||||||||||||</controlfield>
         <datafield tag="040" ind1=" " ind2=" ">
            <subfield code="a">CZ-Ba</subfield>
         </datafield>
         <datafield tag="043" ind1=" " ind2=" ">
            <subfield code="c">XA-CZ</subfield>
         </datafield>
         <datafield tag="110" ind1="2" ind2=" ">
            <subfield code="a">Knihovna brněnského biskupského alumnátu</subfield>
            <subfield code="c">Brno</subfield>
            <subfield code="g">CZ-Ba</subfield>
         </datafield>
         <datafield tag="580" ind1=" " ind2=" ">
            <subfield code="x">CZ-Bu</subfield>
            <subfield code="0">30000561</subfield>
         </datafield>
      </record>