
      <record>
         <leader>00000nz  a2200169   4500</leader>
         <controlfield tag="001">30004528</controlfield>
         <controlfield tag="003">RISM</controlfield>
         <controlfield tag="005">20160216</controlfield>
         <controlfield tag="008">160216n||az|||||||##########||||||||||||</controlfield>
         <datafield tag="040" ind1=" " ind2=" ">
            <subfield code="a">CZ-Bam</subfield>
         </datafield>
         <datafield tag="043" ind1=" " ind2=" ">
            <subfield code="c">XA-CZ</subfield>
         </datafield>
         <datafield tag="110" ind1="2" ind2=" ">
            <subfield code="a">Archiv města Brna</subfield>
            <subfield code="c">Brno</subfield>
            <subfield code="g">CZ-Bam</subfield>
         </datafield>
         <datafield tag="410" ind1="2" ind2=" ">
            <subfield code="a">Municipal Archive of Brno</subfield>
         </datafield>
         <datafield tag="622" ind1=" " ind2=" ">
            <subfield code="e">Archiv města Brna, Přední 2, 618 00  Brno-Černovice, Czech Republic</subfield>
            <subfield code="u">http://www.archiv.brno.cz/index.php?nav01=1734</subfield>
         </datafield>
      </record>