
      <record>
         <leader>00000nz  a2200169   4500</leader>
         <controlfield tag="001">30000193</controlfield>
         <controlfield tag="003">RISM</controlfield>
         <controlfield tag="005">20160216</controlfield>
         <controlfield tag="008">160216n||az|||||||##########||||||||||||</controlfield>
         <datafield tag="040" ind1=" " ind2=" ">
            <subfield code="a">CZ-BEL</subfield>
         </datafield>
         <datafield tag="043" ind1=" " ind2=" ">
            <subfield code="c">XA-CZ</subfield>
         </datafield>
         <datafield tag="110" ind1="2" ind2=" ">
            <subfield code="a">Muzeum v Bělé pod Bezdězem, pobočka Muzea Mladoboleslavska&#xD;
</subfield>
            <subfield code="c">Bělá pod Bezdězem</subfield>
            <subfield code="g">CZ-BEL</subfield>
         </datafield>
         <datafield tag="410" ind1="2" ind2=" ">
            <subfield code="a">Městské Muzeum</subfield>
         </datafield>
         <datafield tag="622" ind1=" " ind2=" ">
            <subfield code="e">Muzeum v Bělé pod Bezdězem, Zámek 1, 294 71 Bělá pod Bezdězem, Czech Republic</subfield>
            <subfield code="u">http://www.muzeumbela.cz</subfield>
         </datafield>
      </record>