
      <record>
         <leader>00000nz  a2200169   4500</leader>
         <controlfield tag="001">30076943</controlfield>
         <controlfield tag="003">RISM</controlfield>
         <controlfield tag="005">20160216</controlfield>
         <controlfield tag="008">160216n||az|||||||##########||||||||||||</controlfield>
         <datafield tag="040" ind1=" " ind2=" ">
            <subfield code="a">CZ-BENm</subfield>
         </datafield>
         <datafield tag="043" ind1=" " ind2=" ">
            <subfield code="c">XA-CZ</subfield>
         </datafield>
         <datafield tag="110" ind1="2" ind2=" ">
            <subfield code="a">Muzeum Benátky nad Jizerou, pobočka Muzea Mladoboleslavska</subfield>
            <subfield code="c">Benátky nad Jizerou</subfield>
            <subfield code="g">CZ-BENm</subfield>
         </datafield>
         <datafield tag="410" ind1="2" ind2=" ">
            <subfield code="a">Městské muzeum</subfield>
         </datafield>
         <datafield tag="622" ind1=" " ind2=" ">
            <subfield code="e">Muzeum Benátky nad Jizerou, Zámek 49, 294 71 Benátky nad Jizerou, Czech Republic</subfield>
            <subfield code="u">http://www.benatky.cz/muzeum/index.php</subfield>
         </datafield>
      </record>