
      <record>
         <leader>00000nz  a2200169   4500</leader>
         <controlfield tag="001">30000016</controlfield>
         <controlfield tag="003">RISM</controlfield>
         <controlfield tag="005">20160216</controlfield>
         <controlfield tag="008">160216n||az|||||||##########||||||||||||</controlfield>
         <datafield tag="040" ind1=" " ind2=" ">
            <subfield code="a">CZ-BER</subfield>
         </datafield>
         <datafield tag="043" ind1=" " ind2=" ">
            <subfield code="c">XA-CZ</subfield>
         </datafield>
         <datafield tag="110" ind1="2" ind2=" ">
            <subfield code="a">Státní okresní archiv</subfield>
            <subfield code="c">Beroun</subfield>
            <subfield code="g">CZ-BER</subfield>
         </datafield>
         <datafield tag="410" ind1="2" ind2=" ">
            <subfield code="a">Okresní archiv</subfield>
         </datafield>
         <datafield tag="410" ind1="2" ind2=" ">
            <subfield code="a">District Archive</subfield>
         </datafield>
         <datafield tag="622" ind1=" " ind2=" ">
            <subfield code="e">Státní okresní archiv, U Archivu 1633, 266 01  Beroun, Czech Republic</subfield>
            <subfield code="u">http://www.soapraha.cz/beroun</subfield>
         </datafield>
         <datafield tag="710" ind1="2" ind2=" ">
            <subfield code="a">St. Jakob, Kirche, Musiksammlung</subfield>
            <subfield code="0">30077023</subfield>
         </datafield>
      </record>