
      <record>
         <leader>00000nz  a2200169   4500</leader>
         <controlfield tag="001">30003969</controlfield>
         <controlfield tag="003">RISM</controlfield>
         <controlfield tag="005">20160216</controlfield>
         <controlfield tag="008">160216n||az|||||||##########||||||||||||</controlfield>
         <datafield tag="040" ind1=" " ind2=" ">
            <subfield code="a">CZ-BERm</subfield>
         </datafield>
         <datafield tag="043" ind1=" " ind2=" ">
            <subfield code="c">XA-CZ</subfield>
         </datafield>
         <datafield tag="110" ind1="2" ind2=" ">
            <subfield code="a">Muzeum Českého krasu v Berouně</subfield>
            <subfield code="c">Beroun</subfield>
            <subfield code="g">CZ-BERm</subfield>
         </datafield>
         <datafield tag="410" ind1="2" ind2=" ">
            <subfield code="a">Okresní muzeum</subfield>
         </datafield>
         <datafield tag="622" ind1=" " ind2=" ">
            <subfield code="e">Muzeum Českého krasu v Berouně, Jenštejnský dům, Husovo náměstí 87, 266 43 Beroun, Czech Republic</subfield>
            <subfield code="u">http://www.muzeum-beroun.cz</subfield>
         </datafield>
      </record>