
      <record>
         <leader>00000nz  a2200169   4500</leader>
         <controlfield tag="001">30006058</controlfield>
         <controlfield tag="003">RISM</controlfield>
         <controlfield tag="005">20160216</controlfield>
         <controlfield tag="008">160216n||az|||||||##########||||||||||||</controlfield>
         <datafield tag="040" ind1=" " ind2=" ">
            <subfield code="a">CZ-Bfs</subfield>
         </datafield>
         <datafield tag="043" ind1=" " ind2=" ">
            <subfield code="c">XA-CZ</subfield>
         </datafield>
         <datafield tag="110" ind1="2" ind2=" ">
            <subfield code="a">Masarykova univerzita - Filozofická fakulta - Ústřední knihovna&#xD;
</subfield>
            <subfield code="c">Brno</subfield>
            <subfield code="g">CZ-Bfs</subfield>
         </datafield>
         <datafield tag="410" ind1="2" ind2=" ">
            <subfield code="a">Knihovna filosofické fakulty University J. E. Purkyně - slovanský seminář</subfield>
         </datafield>
         <datafield tag="622" ind1=" " ind2=" ">
            <subfield code="e">Masarykova univerzita - Filozofická, fakulta - Ústřední knihovna&#xD;
, Arna Nováka 1, 602 00 Brno, Czech Republic</subfield>
            <subfield code="u">http://knihovna.phil.muni.cz/</subfield>
         </datafield>
      </record>