
      <record>
         <leader>00000nz  a2200169   4500</leader>
         <controlfield tag="001">30002693</controlfield>
         <controlfield tag="003">RISM</controlfield>
         <controlfield tag="005">20160216</controlfield>
         <controlfield tag="008">160216n||az|||||||##########||||||||||||</controlfield>
         <datafield tag="040" ind1=" " ind2=" ">
            <subfield code="a">CZ-Bk</subfield>
         </datafield>
         <datafield tag="043" ind1=" " ind2=" ">
            <subfield code="c">XA-CZ</subfield>
         </datafield>
         <datafield tag="110" ind1="2" ind2=" ">
            <subfield code="a">Knihovna kapucínů v Brně</subfield>
            <subfield code="c">Brno</subfield>
            <subfield code="g">CZ-Bk</subfield>
         </datafield>
         <datafield tag="622" ind1=" " ind2=" ">
            <subfield code="e">Knihovna kapucínů v Brně, Kapucínské nám. 303/5, 602 00  Brno, Czech Republic</subfield>
            <subfield code="u">http://www.kapucini.cz/domains/kapucini.cz/index.php/brno/historicka-knihovna</subfield>
         </datafield>
      </record>