
      <record>
         <leader>00000nz  a2200169   4500</leader>
         <controlfield tag="001">30000015</controlfield>
         <controlfield tag="003">RISM</controlfield>
         <controlfield tag="005">20160216</controlfield>
         <controlfield tag="008">160216n||az|||||||##########||||||||||||</controlfield>
         <datafield tag="040" ind1=" " ind2=" ">
            <subfield code="a">CZ-Bm</subfield>
         </datafield>
         <datafield tag="043" ind1=" " ind2=" ">
            <subfield code="c">XA-CZ</subfield>
         </datafield>
         <datafield tag="110" ind1="2" ind2=" ">
            <subfield code="a">Moravské zemské muzeum, oddělení dějin hudby</subfield>
            <subfield code="c">Brno</subfield>
            <subfield code="g">CZ-Bm</subfield>
         </datafield>
         <datafield tag="410" ind1="2" ind2=" ">
            <subfield code="a">The Moravian Museum, Departement of Music History</subfield>
         </datafield>
         <datafield tag="622" ind1=" " ind2=" ">
            <subfield code="e">Moravské zemské muzeum, oddělení dějin,  hudby, Smetanova 14, 602 00 Brno, Czech Republic</subfield>
            <subfield code="u">http://www.mzm.cz/oddeleni-dejin-hudby/</subfield>
         </datafield>
      </record>