
      <record>
         <leader>00000nz  a2200169   4500</leader>
         <controlfield tag="001">30006348</controlfield>
         <controlfield tag="003">RISM</controlfield>
         <controlfield tag="005">20160216</controlfield>
         <controlfield tag="008">160216n||az|||||||##########||||||||||||</controlfield>
         <datafield tag="040" ind1=" " ind2=" ">
            <subfield code="a">CZ-BOSm</subfield>
         </datafield>
         <datafield tag="043" ind1=" " ind2=" ">
            <subfield code="c">XA-CZ</subfield>
         </datafield>
         <datafield tag="110" ind1="2" ind2=" ">
            <subfield code="a">Muzeum Boskovicka</subfield>
            <subfield code="c">Boskovice</subfield>
            <subfield code="g">CZ-BOSm</subfield>
         </datafield>
         <datafield tag="410" ind1="2" ind2=" ">
            <subfield code="a">Vlastivědné muzeum</subfield>
         </datafield>
         <datafield tag="622" ind1=" " ind2=" ">
            <subfield code="e">Muzeum Boskovicka, Hradní 1, 680 01 Boskovice, Czech Republic</subfield>
            <subfield code="u">http://www.boskovice.cz/muzeum</subfield>
         </datafield>
      </record>