
      <record>
         <leader>00000nz  a2200169   4500</leader>
         <controlfield tag="001">30000182</controlfield>
         <controlfield tag="003">RISM</controlfield>
         <controlfield tag="005">20160216</controlfield>
         <controlfield tag="008">160216n||az|||||||##########||||||||||||</controlfield>
         <datafield tag="040" ind1=" " ind2=" ">
            <subfield code="a">CZ-BRE</subfield>
         </datafield>
         <datafield tag="043" ind1=" " ind2=" ">
            <subfield code="c">XA-CZ</subfield>
         </datafield>
         <datafield tag="110" ind1="2" ind2=" ">
            <subfield code="a">Římskokatolická farnost Březnice, Kostel sv. Ignáce</subfield>
            <subfield code="c">Březnice</subfield>
            <subfield code="g">CZ-BRE</subfield>
         </datafield>
         <datafield tag="410" ind1="2" ind2=" ">
            <subfield code="a">Děkanský úřad, kostela sv. Ignáce</subfield>
         </datafield>
         <datafield tag="622" ind1=" " ind2=" ">
            <subfield code="e">Římskokatolická farnost Březnice, Kostel,  sv. Ignáce, Ludvíka Kuby 77, 262 72 Březnice, Czech Republic</subfield>
         </datafield>
      </record>