
      <record>
         <leader>00000nz  a2200169   4500</leader>
         <controlfield tag="001">30003970</controlfield>
         <controlfield tag="003">RISM</controlfield>
         <controlfield tag="005">20160216</controlfield>
         <controlfield tag="008">160216n||az|||||||##########||||||||||||</controlfield>
         <datafield tag="040" ind1=" " ind2=" ">
            <subfield code="a">CZ-BREm</subfield>
         </datafield>
         <datafield tag="043" ind1=" " ind2=" ">
            <subfield code="c">XA-CZ</subfield>
         </datafield>
         <datafield tag="110" ind1="2" ind2=" ">
            <subfield code="a">Městské muzeum v Březnici</subfield>
            <subfield code="c">Březnice</subfield>
            <subfield code="g">CZ-BREm</subfield>
         </datafield>
         <datafield tag="622" ind1=" " ind2=" ">
            <subfield code="e">Městské muzeum v Březnici, V Koleji 1, 262 72 Březnice, Czech Republic</subfield>
            <subfield code="u">http://www.breznice.cz/kultura/mestske-muzeum-a-galerie-ludvika-kuby/</subfield>
         </datafield>
      </record>