
      <record>
         <leader>00000nz  a2200169   4500</leader>
         <controlfield tag="001">30000570</controlfield>
         <controlfield tag="003">RISM</controlfield>
         <controlfield tag="005">20160216</controlfield>
         <controlfield tag="008">160216n||az|||||||##########||||||||||||</controlfield>
         <datafield tag="040" ind1=" " ind2=" ">
            <subfield code="a">CZ-BRO</subfield>
         </datafield>
         <datafield tag="043" ind1=" " ind2=" ">
            <subfield code="c">XA-CZ</subfield>
         </datafield>
         <datafield tag="110" ind1="2" ind2=" ">
            <subfield code="a">Římskokatolická farnost - děkanství Broumov, Kostel sv. Petra a Pavla</subfield>
            <subfield code="c">Broumov</subfield>
            <subfield code="g">CZ-BRO</subfield>
         </datafield>
         <datafield tag="622" ind1=" " ind2=" ">
            <subfield code="e">Římskokatolická farnost - děkanství,  Broumov, Kostel sv. Petra a Pavla, Kostelní náměstí 224, 550 01 Broumov 1, Czech Republic</subfield>
            <subfield code="u">http://www.bihk.cz/dieceze/broumov/</subfield>
         </datafield>
      </record>