
      <record>
         <leader>00000nz  a2200169   4500</leader>
         <controlfield tag="001">30002706</controlfield>
         <controlfield tag="003">RISM</controlfield>
         <controlfield tag="005">20160216</controlfield>
         <controlfield tag="008">160216n||az|||||||##########||||||||||||</controlfield>
         <datafield tag="040" ind1=" " ind2=" ">
            <subfield code="a">CZ-BROb</subfield>
         </datafield>
         <datafield tag="043" ind1=" " ind2=" ">
            <subfield code="c">XA-CZ</subfield>
         </datafield>
         <datafield tag="110" ind1="2" ind2=" ">
            <subfield code="a">Knihovna benediktinů</subfield>
            <subfield code="c">Broumov</subfield>
            <subfield code="g">CZ-BROb</subfield>
         </datafield>
         <datafield tag="580" ind1=" " ind2=" ">
            <subfield code="x">CZ-HK</subfield>
            <subfield code="0">30000576</subfield>
         </datafield>
      </record>