
      <record>
         <leader>00000nz  a2200169   4500</leader>
         <controlfield tag="001">30002689</controlfield>
         <controlfield tag="003">RISM</controlfield>
         <controlfield tag="005">20160216</controlfield>
         <controlfield tag="008">160216n||az|||||||##########||||||||||||</controlfield>
         <datafield tag="040" ind1=" " ind2=" ">
            <subfield code="a">CZ-Bsa</subfield>
         </datafield>
         <datafield tag="043" ind1=" " ind2=" ">
            <subfield code="c">XA-CZ</subfield>
         </datafield>
         <datafield tag="110" ind1="2" ind2=" ">
            <subfield code="a">Státní oblastní archiv</subfield>
            <subfield code="c">Brno</subfield>
            <subfield code="g">CZ-Bsa</subfield>
         </datafield>
         <datafield tag="410" ind1="2" ind2=" ">
            <subfield code="a">State Regional Archive</subfield>
         </datafield>
         <datafield tag="622" ind1=" " ind2=" ">
            <subfield code="e">Státní oblastní archiv, Žerotínovo nám. 3-5, 662 12 Brno, Czech Republic</subfield>
         </datafield>
      </record>