
      <record>
         <leader>00000nz  a2200169   4500</leader>
         <controlfield tag="001">30000561</controlfield>
         <controlfield tag="003">RISM</controlfield>
         <controlfield tag="005">20160216</controlfield>
         <controlfield tag="008">160216n||az|||||||##########||||||||||||</controlfield>
         <datafield tag="040" ind1=" " ind2=" ">
            <subfield code="a">CZ-Bu</subfield>
         </datafield>
         <datafield tag="043" ind1=" " ind2=" ">
            <subfield code="c">XA-CZ</subfield>
         </datafield>
         <datafield tag="110" ind1="2" ind2=" ">
            <subfield code="a">Moravská zemská knihovna v Brně &#xD;
</subfield>
            <subfield code="c">Brno</subfield>
            <subfield code="g">CZ-Bu</subfield>
         </datafield>
         <datafield tag="410" ind1="2" ind2=" ">
            <subfield code="a">Státní vědecká knihovna</subfield>
         </datafield>
         <datafield tag="410" ind1="2" ind2=" ">
            <subfield code="a">Universitní knihovna</subfield>
         </datafield>
         <datafield tag="622" ind1=" " ind2=" ">
            <subfield code="e">Moravská zemská knihovna v Brně &#xD;
, Kounicova 65a, 601 87  Brno, Czech Republic</subfield>
            <subfield code="u">http://www.mzk.cz/</subfield>
         </datafield>
      </record>