
      <record>
         <leader>00000nz  a2200169   4500</leader>
         <controlfield tag="001">30006064</controlfield>
         <controlfield tag="003">RISM</controlfield>
         <controlfield tag="005">20160216</controlfield>
         <controlfield tag="008">160216n||az|||||||##########||||||||||||</controlfield>
         <datafield tag="040" ind1=" " ind2=" ">
            <subfield code="a">CZ-BUm</subfield>
         </datafield>
         <datafield tag="043" ind1=" " ind2=" ">
            <subfield code="c">XA-CZ</subfield>
         </datafield>
         <datafield tag="110" ind1="2" ind2=" ">
            <subfield code="a">Jandovo muzeum</subfield>
            <subfield code="c">Budyně nad Ohří</subfield>
            <subfield code="g">CZ-BUm</subfield>
         </datafield>
         <datafield tag="410" ind1="2" ind2=" ">
            <subfield code="a">Jandovo městské muzeum Budyně nad Ohří</subfield>
         </datafield>
         <datafield tag="622" ind1=" " ind2=" ">
            <subfield code="e">Jandovo muzeum, Vodní Hrad, 411 18 Budyně nad Ohří, Czech Republic</subfield>
            <subfield code="u">http://www.budyne.cz</subfield>
         </datafield>
      </record>