
      <record>
         <leader>00000nz  a2200169   4500</leader>
         <controlfield tag="001">30000572</controlfield>
         <controlfield tag="003">RISM</controlfield>
         <controlfield tag="005">20160216</controlfield>
         <controlfield tag="008">160216n||az|||||||##########||||||||||||</controlfield>
         <datafield tag="040" ind1=" " ind2=" ">
            <subfield code="a">CZ-CAm</subfield>
         </datafield>
         <datafield tag="043" ind1=" " ind2=" ">
            <subfield code="c">XA-CZ</subfield>
         </datafield>
         <datafield tag="110" ind1="2" ind2=" ">
            <subfield code="a">Městské muzeum a knihovna</subfield>
            <subfield code="c">Čáslav</subfield>
            <subfield code="g">CZ-CAm</subfield>
         </datafield>
         <datafield tag="410" ind1="2" ind2=" ">
            <subfield code="a">Municipal Museum</subfield>
         </datafield>
         <datafield tag="622" ind1=" " ind2=" ">
            <subfield code="e">Městské muzeum a knihovna, Husova 291, 286 01  Čáslav, Czech Republic</subfield>
            <subfield code="u">http://www.cmuz.cz/Muzeum/index.htm</subfield>
         </datafield>
      </record>