
      <record>
         <leader>00000nz  a2200169   4500</leader>
         <controlfield tag="001">30005718</controlfield>
         <controlfield tag="003">RISM</controlfield>
         <controlfield tag="005">20160216</controlfield>
         <controlfield tag="008">160216n||az|||||||##########||||||||||||</controlfield>
         <datafield tag="040" ind1=" " ind2=" ">
            <subfield code="a">CZ-CBj</subfield>
         </datafield>
         <datafield tag="043" ind1=" " ind2=" ">
            <subfield code="c">XA-CZ</subfield>
         </datafield>
         <datafield tag="110" ind1="2" ind2=" ">
            <subfield code="a">Jihočeské muzeum v Českých Budějovicích</subfield>
            <subfield code="c">České Budějovice</subfield>
            <subfield code="g">CZ-CBj</subfield>
         </datafield>
         <datafield tag="622" ind1=" " ind2=" ">
            <subfield code="e">Jihočeské muzeum v Českých Budějovi, Dukelská 1, 370 51  České Budějovice, Czech Republic</subfield>
            <subfield code="u">http://www.muzeumcb.cz/</subfield>
         </datafield>
      </record>