
      <record>
         <leader>00000nz  a2200169   4500</leader>
         <controlfield tag="001">30006067</controlfield>
         <controlfield tag="003">RISM</controlfield>
         <controlfield tag="005">20160216</controlfield>
         <controlfield tag="008">160216n||az|||||||##########||||||||||||</controlfield>
         <datafield tag="040" ind1=" " ind2=" ">
            <subfield code="a">CZ-CBk</subfield>
         </datafield>
         <datafield tag="043" ind1=" " ind2=" ">
            <subfield code="c">XA-CZ</subfield>
            <subfield code="c">XA-CZ</subfield>
         </datafield>
         <datafield tag="110" ind1="2" ind2=" ">
            <subfield code="a">Jihočeská vědecká knihovna v Českých Budějovicích</subfield>
            <subfield code="c">České Budějovice</subfield>
            <subfield code="g">CZ-CBk</subfield>
         </datafield>
         <datafield tag="410" ind1="2" ind2=" ">
            <subfield code="a">Krajská lidová knihovna</subfield>
         </datafield>
         <datafield tag="622" ind1=" " ind2=" ">
            <subfield code="e">Jihočeská vědecká knihovna v Český, Budějovicích, Na Sadech 26-27, 370 59 České Budějovice, Czech Republic</subfield>
            <subfield code="u">http://www.cbvk.cz</subfield>
         </datafield>
      </record>