
      <record>
         <leader>00000nz  a2200169   4500</leader>
         <controlfield tag="001">30006068</controlfield>
         <controlfield tag="003">RISM</controlfield>
         <controlfield tag="005">20160216</controlfield>
         <controlfield tag="008">160216n||az|||||||##########||||||||||||</controlfield>
         <datafield tag="040" ind1=" " ind2=" ">
            <subfield code="a">CZ-CBRm</subfield>
         </datafield>
         <datafield tag="043" ind1=" " ind2=" ">
            <subfield code="c">XA-CZ</subfield>
         </datafield>
         <datafield tag="110" ind1="2" ind2=" ">
            <subfield code="a">Podlipanské muzeum v Českém Brodě</subfield>
            <subfield code="c">Česky Brod</subfield>
            <subfield code="g">CZ-CBRm</subfield>
         </datafield>
         <datafield tag="410" ind1="2" ind2=" ">
            <subfield code="a">Pobočka Regionálního muzea v Kolíně</subfield>
         </datafield>
         <datafield tag="622" ind1=" " ind2=" ">
            <subfield code="e">Podlipanské muzeum v Českém Brodě, Žitomířská 761, 280 01 Český Brod, Czech Republic</subfield>
            <subfield code="u">http://www.podlipanskemuzeum.cz/</subfield>
         </datafield>
      </record>