
      <record>
         <leader>00000nz  a2200169   4500</leader>
         <controlfield tag="001">30006069</controlfield>
         <controlfield tag="003">RISM</controlfield>
         <controlfield tag="005">20160216</controlfield>
         <controlfield tag="008">160216n||az|||||||##########||||||||||||</controlfield>
         <datafield tag="040" ind1=" " ind2=" ">
            <subfield code="a">CZ-CDm</subfield>
         </datafield>
         <datafield tag="043" ind1=" " ind2=" ">
            <subfield code="c">XA-CZ</subfield>
         </datafield>
         <datafield tag="110" ind1="2" ind2=" ">
            <subfield code="a">Podještědské muzeum</subfield>
            <subfield code="c">Český Dub</subfield>
            <subfield code="g">CZ-CDm</subfield>
         </datafield>
         <datafield tag="410" ind1="2" ind2=" ">
            <subfield code="a">Muzeum Karoliny Světlé</subfield>
         </datafield>
         <datafield tag="622" ind1=" " ind2=" ">
            <subfield code="e">Podještědské muzeum, ul. Svobody 32/IV, 463 43 Český Dub, Czech Republic</subfield>
            <subfield code="u">http://www.muzeumceskydub.cz/</subfield>
         </datafield>
      </record>