
      <record>
         <leader>00000nz  a2200169   4500</leader>
         <controlfield tag="001">30002672</controlfield>
         <controlfield tag="003">RISM</controlfield>
         <controlfield tag="005">20160216</controlfield>
         <controlfield tag="008">160216n||az|||||||##########||||||||||||</controlfield>
         <datafield tag="040" ind1=" " ind2=" ">
            <subfield code="a">CZ-CHLa</subfield>
         </datafield>
         <datafield tag="043" ind1=" " ind2=" ">
            <subfield code="c">XA-CZ</subfield>
         </datafield>
         <datafield tag="110" ind1="2" ind2=" ">
            <subfield code="a">Okresní archiv v Hradci Králové, pobočka v Chlumci nad Cidlinou</subfield>
            <subfield code="c">Chlumec nad Cidlinou</subfield>
            <subfield code="g">CZ-CHLa</subfield>
         </datafield>
      </record>