
      <record>
         <leader>00000nz  a2200169   4500</leader>
         <controlfield tag="001">30000573</controlfield>
         <controlfield tag="003">RISM</controlfield>
         <controlfield tag="005">20160216</controlfield>
         <controlfield tag="008">160216n||az|||||||##########||||||||||||</controlfield>
         <datafield tag="040" ind1=" " ind2=" ">
            <subfield code="a">CZ-CHOd</subfield>
         </datafield>
         <datafield tag="043" ind1=" " ind2=" ">
            <subfield code="c">XA-CZ</subfield>
         </datafield>
         <datafield tag="110" ind1="2" ind2=" ">
            <subfield code="a">Římskokatolická farnost - děkanství Choceň</subfield>
            <subfield code="c">Choceň</subfield>
            <subfield code="g">CZ-CHOd</subfield>
         </datafield>
         <datafield tag="410" ind1="2" ind2=" ">
            <subfield code="a">Děkanský úřad</subfield>
         </datafield>
         <datafield tag="410" ind1="2" ind2=" ">
            <subfield code="a">Dean's Office</subfield>
         </datafield>
         <datafield tag="622" ind1=" " ind2=" ">
            <subfield code="e">Římskokatolická farnost - děkanství,  Choceň, Záměstí 216, 565 01 Choceň, Czech Republic</subfield>
            <subfield code="u">http://www.chocen.farnost.cz/</subfield>
         </datafield>
      </record>