
      <record>
         <leader>00000nz  a2200169   4500</leader>
         <controlfield tag="001">30006065</controlfield>
         <controlfield tag="003">RISM</controlfield>
         <controlfield tag="005">20160216</controlfield>
         <controlfield tag="008">160216n||az|||||||##########||||||||||||</controlfield>
         <datafield tag="040" ind1=" " ind2=" ">
            <subfield code="a">CZ-CHOTm</subfield>
         </datafield>
         <datafield tag="043" ind1=" " ind2=" ">
            <subfield code="c">XA-CZ</subfield>
         </datafield>
         <datafield tag="110" ind1="2" ind2=" ">
            <subfield code="a">Městské muzeum</subfield>
            <subfield code="c">Chotěboř</subfield>
            <subfield code="g">CZ-CHOTm</subfield>
         </datafield>
         <datafield tag="622" ind1=" " ind2=" ">
            <subfield code="e">Městské muzeum, Riegrova 1, 583 01 Chotěboř, Czech Republic</subfield>
            <subfield code="u">http://www.cekus.eu/muzeum/stala-expozice</subfield>
         </datafield>
      </record>