
      <record>
         <leader>00000nz  a2200169   4500</leader>
         <controlfield tag="001">30003974</controlfield>
         <controlfield tag="003">RISM</controlfield>
         <controlfield tag="005">20160216</controlfield>
         <controlfield tag="008">160216n||az|||||||##########||||||||||||</controlfield>
         <datafield tag="040" ind1=" " ind2=" ">
            <subfield code="a">CZ-CHRk</subfield>
         </datafield>
         <datafield tag="043" ind1=" " ind2=" ">
            <subfield code="c">XA-CZ</subfield>
         </datafield>
         <datafield tag="110" ind1="2" ind2=" ">
            <subfield code="a">Arciděkanský kostel Nanebevzetí Panny Marie</subfield>
            <subfield code="c">Chrudim</subfield>
            <subfield code="g">CZ-CHRk</subfield>
         </datafield>
         <datafield tag="622" ind1=" " ind2=" ">
            <subfield code="e">Arciděkanský kostel Nanebevzetí Panny,  Marie, Školní náměstí 56, 537 01  Chrudim 1, Czech Republic</subfield>
         </datafield>
      </record>