
      <record>
         <leader>00000nz  a2200169   4500</leader>
         <controlfield tag="001">30006066</controlfield>
         <controlfield tag="003">RISM</controlfield>
         <controlfield tag="005">20160216</controlfield>
         <controlfield tag="008">160216n||az|||||||##########||||||||||||</controlfield>
         <datafield tag="040" ind1=" " ind2=" ">
            <subfield code="a">CZ-CHRv</subfield>
         </datafield>
         <datafield tag="043" ind1=" " ind2=" ">
            <subfield code="c">XA-CZ</subfield>
         </datafield>
         <datafield tag="110" ind1="2" ind2=" ">
            <subfield code="a">Regionální muzeum v Chrudimi</subfield>
            <subfield code="c">Chrudim</subfield>
            <subfield code="g">CZ-CHRv</subfield>
         </datafield>
         <datafield tag="410" ind1="2" ind2=" ">
            <subfield code="a">Vlastivědné muzeum</subfield>
         </datafield>
         <datafield tag="622" ind1=" " ind2=" ">
            <subfield code="e">Regionální muzeum v Chrudimi, Široká 86, 537 01 Chrudim, Czech Republic</subfield>
            <subfield code="u">http://www.muzeumcr.cz/</subfield>
         </datafield>
      </record>