
      <record>
         <leader>00000nz  a2200169   4500</leader>
         <controlfield tag="001">30006071</controlfield>
         <controlfield tag="003">RISM</controlfield>
         <controlfield tag="005">20160216</controlfield>
         <controlfield tag="008">160216n||az|||||||##########||||||||||||</controlfield>
         <datafield tag="040" ind1=" " ind2=" ">
            <subfield code="a">CZ-CSm</subfield>
         </datafield>
         <datafield tag="043" ind1=" " ind2=" ">
            <subfield code="c">XA-CZ</subfield>
         </datafield>
         <datafield tag="110" ind1="2" ind2=" ">
            <subfield code="a">Muzeum Boženy Němcové</subfield>
            <subfield code="c">Česká Skalice</subfield>
            <subfield code="g">CZ-CSm</subfield>
         </datafield>
         <datafield tag="622" ind1=" " ind2=" ">
            <subfield code="e">Muzeum Boženy Němcové, Maloskalická 47, 552 03 Česká Skalice, Czech Republic</subfield>
            <subfield code="u">http://muzeumbn.cz/</subfield>
         </datafield>
      </record>