
      <record>
         <leader>00000nz  a2200169   4500</leader>
         <controlfield tag="001">30003972</controlfield>
         <controlfield tag="003">RISM</controlfield>
         <controlfield tag="005">20160216</controlfield>
         <controlfield tag="008">160216n||az|||||||##########||||||||||||</controlfield>
         <datafield tag="040" ind1=" " ind2=" ">
            <subfield code="a">CZ-CT</subfield>
         </datafield>
         <datafield tag="043" ind1=" " ind2=" ">
            <subfield code="c">XA-CZ</subfield>
         </datafield>
         <datafield tag="110" ind1="2" ind2=" ">
            <subfield code="a">Městské muzeum</subfield>
            <subfield code="c">Česká Třebová</subfield>
            <subfield code="g">CZ-CT</subfield>
         </datafield>
         <datafield tag="622" ind1=" " ind2=" ">
            <subfield code="e">Městské muzeum, Klácelova 80, 56002 Česká Třebová 2, Czech Republic</subfield>
            <subfield code="u">http://www.mmct.cz/</subfield>
         </datafield>
      </record>