
      <record>
         <leader>00000nz  a2200169   4500</leader>
         <controlfield tag="001">30006073</controlfield>
         <controlfield tag="003">RISM</controlfield>
         <controlfield tag="005">20160216</controlfield>
         <controlfield tag="008">160216n||az|||||||##########||||||||||||</controlfield>
         <datafield tag="040" ind1=" " ind2=" ">
            <subfield code="a">CZ-DOm</subfield>
         </datafield>
         <datafield tag="043" ind1=" " ind2=" ">
            <subfield code="c">XA-CZ</subfield>
         </datafield>
         <datafield tag="110" ind1="2" ind2=" ">
            <subfield code="a">Muzeum Chodska</subfield>
            <subfield code="c">Domažlice</subfield>
            <subfield code="g">CZ-DOm</subfield>
         </datafield>
         <datafield tag="622" ind1=" " ind2=" ">
            <subfield code="e">Muzeum Chodska, Chodské náměstí 96, 344 01 Domažlice, Czech Republic</subfield>
            <subfield code="u">http://www.muzeum-chodska.com/</subfield>
         </datafield>
      </record>