
      <record>
         <leader>00000nz  a2200169   4500</leader>
         <controlfield tag="001">30000575</controlfield>
         <controlfield tag="003">RISM</controlfield>
         <controlfield tag="005">20160216</controlfield>
         <controlfield tag="008">160216n||az|||||||##########||||||||||||</controlfield>
         <datafield tag="040" ind1=" " ind2=" ">
            <subfield code="a">CZ-H</subfield>
         </datafield>
         <datafield tag="043" ind1=" " ind2=" ">
            <subfield code="c">XA-CZ</subfield>
         </datafield>
         <datafield tag="110" ind1="2" ind2=" ">
            <subfield code="a">Jiráskovo muzeum</subfield>
            <subfield code="c">Hronov</subfield>
            <subfield code="g">CZ-H</subfield>
         </datafield>
         <datafield tag="410" ind1="2" ind2=" ">
            <subfield code="a">Muzeum Aloise Jiráska</subfield>
         </datafield>
         <datafield tag="622" ind1=" " ind2=" ">
            <subfield code="e">Jiráskovo muzeum, Divadlo A. Jiráska, 549 31 Hronov, Czech Republic</subfield>
            <subfield code="u">http://www.mestohronov.cz/muzeum/clanek/jiraskovo-muzeum</subfield>
         </datafield>
      </record>