
      <record>
         <leader>00000nz  a2200169   4500</leader>
         <controlfield tag="001">30006075</controlfield>
         <controlfield tag="003">RISM</controlfield>
         <controlfield tag="005">20160216</controlfield>
         <controlfield tag="008">160216n||az|||||||##########||||||||||||</controlfield>
         <datafield tag="040" ind1=" " ind2=" ">
            <subfield code="a">CZ-HBd</subfield>
         </datafield>
         <datafield tag="043" ind1=" " ind2=" ">
            <subfield code="c">XA-CZ</subfield>
         </datafield>
         <datafield tag="110" ind1="2" ind2=" ">
            <subfield code="a">Děkanský úřad</subfield>
            <subfield code="c">Havlíčkův Brod</subfield>
            <subfield code="g">CZ-HBd</subfield>
         </datafield>
         <datafield tag="622" ind1=" " ind2=" ">
            <subfield code="e">Děkanský úřad, Rubešovo náměstí 173, 580 01 Havlíčkův Brod, Czech Republic</subfield>
            <subfield code="u">http://www.farnosthb.cz/</subfield>
         </datafield>
      </record>