
      <record>
         <leader>00000nz  a2200169   4500</leader>
         <controlfield tag="001">30006074</controlfield>
         <controlfield tag="003">RISM</controlfield>
         <controlfield tag="005">20160216</controlfield>
         <controlfield tag="008">160216n||az|||||||##########||||||||||||</controlfield>
         <datafield tag="040" ind1=" " ind2=" ">
            <subfield code="a">CZ-HBm</subfield>
         </datafield>
         <datafield tag="043" ind1=" " ind2=" ">
            <subfield code="c">XA-CZ</subfield>
         </datafield>
         <datafield tag="110" ind1="2" ind2=" ">
            <subfield code="a">Muzeum Vysočiny</subfield>
            <subfield code="c">Havlíčkův Brod</subfield>
            <subfield code="g">CZ-HBm</subfield>
         </datafield>
         <datafield tag="410" ind1="2" ind2=" ">
            <subfield code="a">Okresní muzeum K. H. Borovského</subfield>
         </datafield>
         <datafield tag="622" ind1=" " ind2=" ">
            <subfield code="e">Muzeum Vysočiny, Havlíčkovo náměstí 19, 580 01 Havlíčkův Brod, Czech Republic</subfield>
            <subfield code="u">http://www.muzeumhb.cz/cz/</subfield>
         </datafield>
      </record>