
      <record>
         <leader>00000nz  a2200169   4500</leader>
         <controlfield tag="001">30000576</controlfield>
         <controlfield tag="003">RISM</controlfield>
         <controlfield tag="005">20160216</controlfield>
         <controlfield tag="008">160216n||az|||||||##########||||||||||||</controlfield>
         <datafield tag="040" ind1=" " ind2=" ">
            <subfield code="a">CZ-HK</subfield>
         </datafield>
         <datafield tag="043" ind1=" " ind2=" ">
            <subfield code="c">XA-CZ</subfield>
         </datafield>
         <datafield tag="110" ind1="2" ind2=" ">
            <subfield code="a">Studijní a vědecká knihovna v Hradci Králové&#xD;
</subfield>
            <subfield code="c">Hradec Králové</subfield>
            <subfield code="g">CZ-HK</subfield>
         </datafield>
         <datafield tag="410" ind1="2" ind2=" ">
            <subfield code="a">Státní vědecká knihovna</subfield>
         </datafield>
         <datafield tag="622" ind1=" " ind2=" ">
            <subfield code="e">Studijní a vědecká knihovna v Hradci, Králové&#xD;
, Hradecká 1250/2, 500 11 Hradec Králové, Czech Republic</subfield>
            <subfield code="u">http://www.svkhk.cz/Uvodni-stranka.aspx</subfield>
         </datafield>
      </record>