
      <record>
         <leader>00000nz  a2200169   4500</leader>
         <controlfield tag="001">30004529</controlfield>
         <controlfield tag="003">RISM</controlfield>
         <controlfield tag="005">20160216</controlfield>
         <controlfield tag="008">160216n||az|||||||##########||||||||||||</controlfield>
         <datafield tag="040" ind1=" " ind2=" ">
            <subfield code="a">CZ-HKa</subfield>
         </datafield>
         <datafield tag="043" ind1=" " ind2=" ">
            <subfield code="c">XA-CZ</subfield>
         </datafield>
         <datafield tag="110" ind1="2" ind2=" ">
            <subfield code="a">Státní okresní archiv</subfield>
            <subfield code="c">Hradec Králové</subfield>
            <subfield code="g">CZ-HKa</subfield>
         </datafield>
         <datafield tag="410" ind1="2" ind2=" ">
            <subfield code="a">District Archive</subfield>
         </datafield>
         <datafield tag="622" ind1=" " ind2=" ">
            <subfield code="e">Státní okresní archiv, Škroupova 695, 500 02 Hradec Králové 2, Czech Republic</subfield>
            <subfield code="u">http://vychodoceskearchivy.cz/hradeckralove/</subfield>
         </datafield>
      </record>