
      <record>
         <leader>00000nz  a2200169   4500</leader>
         <controlfield tag="001">30000194</controlfield>
         <controlfield tag="003">RISM</controlfield>
         <controlfield tag="005">20160216</controlfield>
         <controlfield tag="008">160216n||az|||||||##########||||||||||||</controlfield>
         <datafield tag="040" ind1=" " ind2=" ">
            <subfield code="a">CZ-HKm</subfield>
         </datafield>
         <datafield tag="043" ind1=" " ind2=" ">
            <subfield code="c">XA-CZ</subfield>
         </datafield>
         <datafield tag="110" ind1="2" ind2=" ">
            <subfield code="a">Muzeum Východních Čech v Hradci Králové&#xD;
</subfield>
            <subfield code="c">Hradec Králové</subfield>
            <subfield code="g">CZ-HKm</subfield>
         </datafield>
         <datafield tag="410" ind1="2" ind2=" ">
            <subfield code="a">Museum of Eastern Bohemia</subfield>
         </datafield>
         <datafield tag="410" ind1="2" ind2=" ">
            <subfield code="a">Hudební archiv</subfield>
         </datafield>
         <datafield tag="410" ind1="2" ind2=" ">
            <subfield code="a">Krajské muzeum Východních Čech</subfield>
         </datafield>
         <datafield tag="410" ind1="2" ind2=" ">
            <subfield code="a">Krajský vlastivědný ústav</subfield>
         </datafield>
         <datafield tag="622" ind1=" " ind2=" ">
            <subfield code="e">Muzeum východních Čech v Hradci, Králové&#xD;
, Eliščino nábřeží 465, 500 01 Hradec Králové 1, Czech Republic</subfield>
            <subfield code="u">http://www.muzeumhk.cz/</subfield>
         </datafield>
      </record>