
      <record>
         <leader>00000nz  a2200169   4500</leader>
         <controlfield tag="001">30006292</controlfield>
         <controlfield tag="003">RISM</controlfield>
         <controlfield tag="005">20160216</controlfield>
         <controlfield tag="008">160216n||az|||||||##########||||||||||||</controlfield>
         <datafield tag="040" ind1=" " ind2=" ">
            <subfield code="a">CZ-HL</subfield>
         </datafield>
         <datafield tag="043" ind1=" " ind2=" ">
            <subfield code="c">XA-CZ</subfield>
         </datafield>
         <datafield tag="110" ind1="2" ind2=" ">
            <subfield code="a">Muzeum a galerie</subfield>
            <subfield code="c">Hlinsko</subfield>
            <subfield code="g">CZ-HL</subfield>
         </datafield>
         <datafield tag="410" ind1="2" ind2=" ">
            <subfield code="a">Vlastivědné muzeum</subfield>
         </datafield>
         <datafield tag="622" ind1=" " ind2=" ">
            <subfield code="e">Muzeum a galerie, Havlíčkova 614, 539 01 Hlinsko, Czech Republic</subfield>
            <subfield code="u">http://www.hlinsko.cz/mesto/kultura/muzeum-galerie</subfield>
         </datafield>
      </record>