
      <record>
         <leader>00000nz  a2200169   4500</leader>
         <controlfield tag="001">30006294</controlfield>
         <controlfield tag="003">RISM</controlfield>
         <controlfield tag="005">20160216</controlfield>
         <controlfield tag="008">160216n||az|||||||##########||||||||||||</controlfield>
         <datafield tag="040" ind1=" " ind2=" ">
            <subfield code="a">CZ-HUMm</subfield>
         </datafield>
         <datafield tag="043" ind1=" " ind2=" ">
            <subfield code="c">XA-CZ</subfield>
         </datafield>
         <datafield tag="110" ind1="2" ind2=" ">
            <subfield code="a">Muzeum dr. Aleše Hrdličky</subfield>
            <subfield code="c">Humpolec</subfield>
            <subfield code="g">CZ-HUMm</subfield>
         </datafield>
         <datafield tag="622" ind1=" " ind2=" ">
            <subfield code="e">Muzeum dr. Aleše Hrdličky, Horní náměstí 273, 39601 Humpolec, Czech Republic</subfield>
            <subfield code="u">http://www.infohumpolec.cz/muzeum/</subfield>
         </datafield>
      </record>