
      <record>
         <leader>00000nz  a2200169   4500</leader>
         <controlfield tag="001">30076893</controlfield>
         <controlfield tag="003">RISM</controlfield>
         <controlfield tag="005">20160216</controlfield>
         <controlfield tag="008">160216n||az|||||||##########||||||||||||</controlfield>
         <datafield tag="040" ind1=" " ind2=" ">
            <subfield code="a">CZ-HV</subfield>
         </datafield>
         <datafield tag="043" ind1=" " ind2=" ">
            <subfield code="c">XA-CZ</subfield>
         </datafield>
         <datafield tag="110" ind1="2" ind2=" ">
            <subfield code="a">Muzeum, pobočka Muzea Českého krasu v Berouně</subfield>
            <subfield code="c">Hořovice</subfield>
            <subfield code="g">CZ-HV</subfield>
         </datafield>
         <datafield tag="622" ind1=" " ind2=" ">
            <subfield code="e">Muzeum, pobočka Muzea Českého krasu v, Berouně, Zámek 1, 268 01 Hořovice, Czech Republic</subfield>
            <subfield code="u">http://muzeum-beroun.cz</subfield>
         </datafield>
      </record>