
      <record>
         <leader>00000nz  a2200169   4500</leader>
         <controlfield tag="001">30006295</controlfield>
         <controlfield tag="003">RISM</controlfield>
         <controlfield tag="005">20160216</controlfield>
         <controlfield tag="008">160216n||az|||||||##########||||||||||||</controlfield>
         <datafield tag="040" ind1=" " ind2=" ">
            <subfield code="a">CZ-IVm</subfield>
         </datafield>
         <datafield tag="043" ind1=" " ind2=" ">
            <subfield code="c">XA-CZ</subfield>
         </datafield>
         <datafield tag="110" ind1="2" ind2=" ">
            <subfield code="a">Muzeum v Ivančicích&#xD;
</subfield>
            <subfield code="c">Ivančice</subfield>
            <subfield code="g">CZ-IVm</subfield>
         </datafield>
         <datafield tag="410" ind1="2" ind2=" ">
            <subfield code="a">Městské muzeum</subfield>
         </datafield>
         <datafield tag="622" ind1=" " ind2=" ">
            <subfield code="e">Muzeum v Ivančicích&#xD;
, Široká 1, 664 91 Ivančice, Czech Republic</subfield>
            <subfield code="u">http://ivancice.muzeumbrnenska.cz</subfield>
         </datafield>
      </record>