
      <record>
         <leader>00000nz  a2200169   4500</leader>
         <controlfield tag="001">30077420</controlfield>
         <controlfield tag="003">RISM</controlfield>
         <controlfield tag="005">20160216</controlfield>
         <controlfield tag="008">160216n||az|||||||##########||||||||||||</controlfield>
         <datafield tag="040" ind1=" " ind2=" ">
            <subfield code="a">CZ-JEsoa</subfield>
         </datafield>
         <datafield tag="043" ind1=" " ind2=" ">
            <subfield code="c">CZ</subfield>
         </datafield>
         <datafield tag="110" ind1="2" ind2=" ">
            <subfield code="a">Státní okresní archiv</subfield>
            <subfield code="c">Jeseník</subfield>
            <subfield code="g">CZ-JEsoa</subfield>
         </datafield>
         <datafield tag="622" ind1=" " ind2=" ">
            <subfield code="e">Státní okresní archiv, Tovární 18, 790 01 Jeseník, Czech Republic</subfield>
            <subfield code="u">http://www.archives.cz/zao/jesenik/index.php</subfield>
         </datafield>
      </record>