
      <record>
         <leader>00000nz  a2200169   4500</leader>
         <controlfield tag="001">30000580</controlfield>
         <controlfield tag="003">RISM</controlfield>
         <controlfield tag="005">20160216</controlfield>
         <controlfield tag="008">160216n||az|||||||##########||||||||||||</controlfield>
         <datafield tag="040" ind1=" " ind2=" ">
            <subfield code="a">CZ-JIa</subfield>
         </datafield>
         <datafield tag="043" ind1=" " ind2=" ">
            <subfield code="c">XA-CZ</subfield>
         </datafield>
         <datafield tag="110" ind1="2" ind2=" ">
            <subfield code="a">Státní oblastní archiv v Třeboni, pobočka Jindřichův Hradec</subfield>
            <subfield code="c">Jindřichův Hradec</subfield>
            <subfield code="g">CZ-JIa</subfield>
         </datafield>
         <datafield tag="410" ind1="2" ind2=" ">
            <subfield code="a">State Regional Archive in Třeboň, Workshop in Jindřichův Hradec</subfield>
         </datafield>
         <datafield tag="410" ind1="2" ind2=" ">
            <subfield code="a">Státní archiv v Třeboni pracoviště</subfield>
         </datafield>
         <datafield tag="580" ind1=" " ind2=" ">
            <subfield code="x">CZ-Pnm</subfield>
            <subfield code="0">30000029</subfield>
         </datafield>
         <datafield tag="622" ind1=" " ind2=" ">
            <subfield code="e">Státní oblastní archiv v Třeboni,, pobočka Jindřichův Hradec, Zámek, 377 01 Jindřichův Hradec, Czech Republic</subfield>
            <subfield code="u">http://www.ceskearchivy.cz/index.php?doctree=1ec</subfield>
         </datafield>
      </record>