
      <record>
         <leader>00000nz  a2200169   4500</leader>
         <controlfield tag="001">30006298</controlfield>
         <controlfield tag="003">RISM</controlfield>
         <controlfield tag="005">20160216</controlfield>
         <controlfield tag="008">160216n||az|||||||##########||||||||||||</controlfield>
         <datafield tag="040" ind1=" " ind2=" ">
            <subfield code="a">CZ-JILm</subfield>
         </datafield>
         <datafield tag="043" ind1=" " ind2=" ">
            <subfield code="c">XA-CZ</subfield>
         </datafield>
         <datafield tag="110" ind1="2" ind2=" ">
            <subfield code="a">Regionální muzeum v Jílovém u Prahy</subfield>
            <subfield code="c">Jílové u Prahy</subfield>
            <subfield code="g">CZ-JILm</subfield>
         </datafield>
         <datafield tag="410" ind1="2" ind2=" ">
            <subfield code="a">Muzeum těžby a zpracování zlata</subfield>
         </datafield>
         <datafield tag="622" ind1=" " ind2=" ">
            <subfield code="e">Regionální muzeum v Jílovém u Prahy, Masarykovo náměstí 16, 254 01 Jílové u Prahy, Czech Republic</subfield>
            <subfield code="u">http://www.muzeumjilove.cz/</subfield>
         </datafield>
      </record>