
      <record>
         <leader>00000nz  a2200169   4500</leader>
         <controlfield tag="001">30000581</controlfield>
         <controlfield tag="003">RISM</controlfield>
         <controlfield tag="005">20160216</controlfield>
         <controlfield tag="008">160216n||az|||||||##########||||||||||||</controlfield>
         <datafield tag="040" ind1=" " ind2=" ">
            <subfield code="a">CZ-JIm</subfield>
         </datafield>
         <datafield tag="043" ind1=" " ind2=" ">
            <subfield code="c">XA-CZ</subfield>
         </datafield>
         <datafield tag="110" ind1="2" ind2=" ">
            <subfield code="a">Muzeum Jindřichohradecka</subfield>
            <subfield code="c">Jindřichův Hradec</subfield>
            <subfield code="g">CZ-JIm</subfield>
         </datafield>
         <datafield tag="410" ind1="2" ind2=" ">
            <subfield code="a">Okresní vlastivědné muzeum</subfield>
         </datafield>
         <datafield tag="622" ind1=" " ind2=" ">
            <subfield code="e">Muzeum Jindřichohradecka, Balbínovo nám. 19/I, 377 01 Jindřichův Hradec, Czech Republic</subfield>
            <subfield code="u">http://www.mjh.cz/</subfield>
         </datafield>
      </record>