
      <record>
         <leader>00000nz  a2200169   4500</leader>
         <controlfield tag="001">30003958</controlfield>
         <controlfield tag="003">RISM</controlfield>
         <controlfield tag="005">20160216</controlfield>
         <controlfield tag="008">160216n||az|||||||##########||||||||||||</controlfield>
         <datafield tag="040" ind1=" " ind2=" ">
            <subfield code="a">CZ-Jm</subfield>
         </datafield>
         <datafield tag="043" ind1=" " ind2=" ">
            <subfield code="c">XA-CZ</subfield>
         </datafield>
         <datafield tag="110" ind1="2" ind2=" ">
            <subfield code="a">Muzeum Královská mincovna Jáchymov</subfield>
            <subfield code="c">Jáchymov</subfield>
            <subfield code="g">CZ-Jm</subfield>
         </datafield>
         <datafield tag="410" ind1="2" ind2=" ">
            <subfield code="a">Městské muzeum</subfield>
         </datafield>
         <datafield tag="622" ind1=" " ind2=" ">
            <subfield code="e">Muzeum Královská mincovna Jáchymov, Nám. Republiky 37, 362 51 Jáchymov, Czech Republic</subfield>
            <subfield code="u">http://kvmuz.cz/o-nas-muzeum-jachymov</subfield>
         </datafield>
      </record>