
      <record>
         <leader>00000nz  a2200169   4500</leader>
         <controlfield tag="001">30000183</controlfield>
         <controlfield tag="003">RISM</controlfield>
         <controlfield tag="005">20160216</controlfield>
         <controlfield tag="008">160216n||az|||||||##########||||||||||||</controlfield>
         <datafield tag="040" ind1=" " ind2=" ">
            <subfield code="a">CZ-K</subfield>
         </datafield>
         <datafield tag="043" ind1=" " ind2=" ">
            <subfield code="c">XA-CZ</subfield>
         </datafield>
         <datafield tag="110" ind1="2" ind2=" ">
            <subfield code="a">Státní oblastní archiv v Třeboni, pobočka Český Krumlov</subfield>
            <subfield code="c">Český Krumlov</subfield>
            <subfield code="g">CZ-K</subfield>
         </datafield>
         <datafield tag="410" ind1="2" ind2=" ">
            <subfield code="a">Zámecký hudební archiv</subfield>
         </datafield>
         <datafield tag="622" ind1=" " ind2=" ">
            <subfield code="e">Státní oblastní archiv v Třeboni,, pobočka Český Krumlov, Zámek č.p. 59, 381 11 Český Krumlov, Czech Republic</subfield>
            <subfield code="u">http://www.castle.ckrumlov.cz/docs/cz/zamek_oinf_trarch.xml</subfield>
         </datafield>
      </record>