
      <record>
         <leader>00000nz  a2200169   4500</leader>
         <controlfield tag="001">30003977</controlfield>
         <controlfield tag="003">RISM</controlfield>
         <controlfield tag="005">20160216</controlfield>
         <controlfield tag="008">160216n||az|||||||##########||||||||||||</controlfield>
         <datafield tag="040" ind1=" " ind2=" ">
            <subfield code="a">CZ-KA</subfield>
         </datafield>
         <datafield tag="043" ind1=" " ind2=" ">
            <subfield code="c">XA-CZ</subfield>
         </datafield>
         <datafield tag="110" ind1="2" ind2=" ">
            <subfield code="a">Děkanský kostel Povýšení svatého Kříže</subfield>
            <subfield code="c">Kadaň</subfield>
            <subfield code="g">CZ-KA</subfield>
         </datafield>
         <datafield tag="622" ind1=" " ind2=" ">
            <subfield code="e">Děkanský kostel Povýšení svatého Kříže, Mírové náměstí 84, 432 01 Kadaň, Czech Republic</subfield>
         </datafield>
      </record>