
      <record>
         <leader>00000nz  a2200169   4500</leader>
         <controlfield tag="001">30003978</controlfield>
         <controlfield tag="003">RISM</controlfield>
         <controlfield tag="005">20160216</controlfield>
         <controlfield tag="008">160216n||az|||||||##########||||||||||||</controlfield>
         <datafield tag="040" ind1=" " ind2=" ">
            <subfield code="a">CZ-KLm</subfield>
         </datafield>
         <datafield tag="043" ind1=" " ind2=" ">
            <subfield code="c">XA-CZ</subfield>
         </datafield>
         <datafield tag="110" ind1="2" ind2=" ">
            <subfield code="a">Vlastivědné muzeum Dr. Hostaše v Klatovech</subfield>
            <subfield code="c">Klatovy</subfield>
            <subfield code="g">CZ-KLm</subfield>
         </datafield>
         <datafield tag="410" ind1="2" ind2=" ">
            <subfield code="a">Okresní muzeum</subfield>
         </datafield>
         <datafield tag="410" ind1="2" ind2=" ">
            <subfield code="a">Okresní muzeum a galerie</subfield>
         </datafield>
         <datafield tag="622" ind1=" " ind2=" ">
            <subfield code="e">Vlastivědné muzeum Dr. Hostaše v, Klatovech, Hostašova ul. č. 1, 339 01 Klatovy IV, Czech Republic</subfield>
            <subfield code="u">http://www.muzeum.klatovynet.cz/muzeumkt/</subfield>
         </datafield>
      </record>