
      <record>
         <leader>00000nz  a2200169   4500</leader>
         <controlfield tag="001">30000584</controlfield>
         <controlfield tag="003">RISM</controlfield>
         <controlfield tag="005">20160216</controlfield>
         <controlfield tag="008">160216n||az|||||||##########||||||||||||</controlfield>
         <datafield tag="040" ind1=" " ind2=" ">
            <subfield code="a">CZ-KOL</subfield>
         </datafield>
         <datafield tag="043" ind1=" " ind2=" ">
            <subfield code="c">XA-CZ</subfield>
         </datafield>
         <datafield tag="110" ind1="2" ind2=" ">
            <subfield code="a">Římskokatolická církev, Farní úřad Kolín</subfield>
            <subfield code="c">Kolín</subfield>
            <subfield code="g">CZ-KOL</subfield>
         </datafield>
         <datafield tag="410" ind1="2" ind2=" ">
            <subfield code="a">Děkanský úřad</subfield>
         </datafield>
         <datafield tag="622" ind1=" " ind2=" ">
            <subfield code="e">Římskokatolická církev, Farní úřad Kolín, Brandlova 25, 28002 Kolín, Czech Republic</subfield>
         </datafield>
      </record>