
      <record>
         <leader>00000nz  a2200169   4500</leader>
         <controlfield tag="001">30079266</controlfield>
         <controlfield tag="003">RISM</controlfield>
         <controlfield tag="005">20160216</controlfield>
         <controlfield tag="008">160216n||az|||||||##########||||||||||||</controlfield>
         <datafield tag="040" ind1=" " ind2=" ">
            <subfield code="a">CZ-KOLa</subfield>
         </datafield>
         <datafield tag="043" ind1=" " ind2=" ">
            <subfield code="c">CZ</subfield>
         </datafield>
         <datafield tag="110" ind1="2" ind2=" ">
            <subfield code="a">Státní okresní archiv Kolín</subfield>
            <subfield code="c">Kolín</subfield>
            <subfield code="g">CZ-KOLa</subfield>
         </datafield>
         <datafield tag="622" ind1=" " ind2=" ">
            <subfield code="e">Státní okresní archiv Kolín, Zahradní 278, 280 00 Kolín IV, Czech Republic</subfield>
            <subfield code="u">http://www.soapraha.cz/kolín</subfield>
         </datafield>
      </record>