
      <record>
         <leader>00000nz  a2200169   4500</leader>
         <controlfield tag="001">30076875</controlfield>
         <controlfield tag="003">RISM</controlfield>
         <controlfield tag="005">20160216</controlfield>
         <controlfield tag="008">160216n||az|||||||##########||||||||||||</controlfield>
         <datafield tag="040" ind1=" " ind2=" ">
            <subfield code="a">CZ-KOLrm</subfield>
         </datafield>
         <datafield tag="043" ind1=" " ind2=" ">
            <subfield code="c">XA-CZ</subfield>
         </datafield>
         <datafield tag="110" ind1="2" ind2=" ">
            <subfield code="a">Regionální muzeum v Kolíně</subfield>
            <subfield code="c">Kolín</subfield>
            <subfield code="g">CZ-KOLrm</subfield>
         </datafield>
         <datafield tag="622" ind1=" " ind2=" ">
            <subfield code="e">Regionální muzeum v Kolíně, Brandlova 35, 280 02  Kolín 1, Czech Republic</subfield>
            <subfield code="u">http://www.muzeumkolin.cz</subfield>
         </datafield>
      </record>