
      <record>
         <leader>00000nz  a2200169   4500</leader>
         <controlfield tag="001">30000586</controlfield>
         <controlfield tag="003">RISM</controlfield>
         <controlfield tag="005">20160216</controlfield>
         <controlfield tag="008">160216n||az|||||||##########||||||||||||</controlfield>
         <datafield tag="040" ind1=" " ind2=" ">
            <subfield code="a">CZ-KRA</subfield>
         </datafield>
         <datafield tag="043" ind1=" " ind2=" ">
            <subfield code="c">XA-CZ</subfield>
         </datafield>
         <datafield tag="110" ind1="2" ind2=" ">
            <subfield code="a">Kostel sv. Michaela Archanděla - farní kostel&#xD;
</subfield>
            <subfield code="c">Králíky</subfield>
            <subfield code="g">CZ-KRA</subfield>
         </datafield>
         <datafield tag="580" ind1=" " ind2=" ">
            <subfield code="x">CZ-UO</subfield>
            <subfield code="0">30002686</subfield>
         </datafield>
      </record>