
      <record>
         <leader>00000nz  a2200169   4500</leader>
         <controlfield tag="001">30006300</controlfield>
         <controlfield tag="003">RISM</controlfield>
         <controlfield tag="005">20160216</controlfield>
         <controlfield tag="008">160216n||az|||||||##########||||||||||||</controlfield>
         <datafield tag="040" ind1=" " ind2=" ">
            <subfield code="a">CZ-KRAL</subfield>
         </datafield>
         <datafield tag="043" ind1=" " ind2=" ">
            <subfield code="c">XA-CZ</subfield>
         </datafield>
         <datafield tag="110" ind1="2" ind2=" ">
            <subfield code="a">Památník Bible Kralické</subfield>
            <subfield code="c">Kralice</subfield>
            <subfield code="g">CZ-KRAL</subfield>
         </datafield>
         <datafield tag="622" ind1=" " ind2=" ">
            <subfield code="e">Památník Bible Kralické, 675 73 Kralice nad Oslavou, Czech Republic</subfield>
            <subfield code="u">http://www.mzm.cz/mzm/expozice/bible_kralicka.html</subfield>
         </datafield>
      </record>