
      <record>
         <leader>00000nz  a2200169   4500</leader>
         <controlfield tag="001">30002673</controlfield>
         <controlfield tag="003">RISM</controlfield>
         <controlfield tag="005">20160216</controlfield>
         <controlfield tag="008">160216n||az|||||||##########||||||||||||</controlfield>
         <datafield tag="040" ind1=" " ind2=" ">
            <subfield code="a">CZ-KRI</subfield>
         </datafield>
         <datafield tag="043" ind1=" " ind2=" ">
            <subfield code="c">XA-CZ</subfield>
         </datafield>
         <datafield tag="110" ind1="2" ind2=" ">
            <subfield code="a">Hrad Křivoklát, knihovna</subfield>
            <subfield code="c">Křivoklát</subfield>
            <subfield code="g">CZ-KRI</subfield>
         </datafield>
         <datafield tag="410" ind1="2" ind2=" ">
            <subfield code="a">Hradní knihovna</subfield>
         </datafield>
         <datafield tag="622" ind1=" " ind2=" ">
            <subfield code="e">Hrad Křivoklát, knihovna, Správa státního hradu Krivoklátu, Křivoklát 47, 270 23 Křivoklát, Czech Republic</subfield>
            <subfield code="u">http://www.krivoklat.cz/</subfield>
         </datafield>
      </record>