
      <record>
         <leader>00000nz  a2200169   4500</leader>
         <controlfield tag="001">30000585</controlfield>
         <controlfield tag="003">RISM</controlfield>
         <controlfield tag="005">20160216</controlfield>
         <controlfield tag="008">160216n||az|||||||##########||||||||||||</controlfield>
         <datafield tag="040" ind1=" " ind2=" ">
            <subfield code="a">CZ-KRm</subfield>
         </datafield>
         <datafield tag="043" ind1=" " ind2=" ">
            <subfield code="c">XA-CZ</subfield>
         </datafield>
         <datafield tag="110" ind1="2" ind2=" ">
            <subfield code="a">Arcidiecézní muzeum Kroměříž&#xD;
</subfield>
            <subfield code="c">Kroměříž</subfield>
            <subfield code="g">CZ-KRm</subfield>
         </datafield>
         <datafield tag="410" ind1="2" ind2=" ">
            <subfield code="a">Uměleckohistorické muzeum</subfield>
         </datafield>
         <datafield tag="622" ind1=" " ind2=" ">
            <subfield code="e">Arcidiecézní muzeum Kroměříž&#xD;
, Směmovní náměstí 1, 767 01 Kroměříž, Czech Republic</subfield>
            <subfield code="u">http://www.olmuart.cz/</subfield>
         </datafield>
      </record>