
      <record>
         <leader>00000nz  a2200169   4500</leader>
         <controlfield tag="001">30004533</controlfield>
         <controlfield tag="003">RISM</controlfield>
         <controlfield tag="005">20160216</controlfield>
         <controlfield tag="008">160216n||az|||||||##########||||||||||||</controlfield>
         <datafield tag="040" ind1=" " ind2=" ">
            <subfield code="a">CZ-KRVm</subfield>
         </datafield>
         <datafield tag="043" ind1=" " ind2=" ">
            <subfield code="c">XA-CZ</subfield>
         </datafield>
         <datafield tag="110" ind1="2" ind2=" ">
            <subfield code="a">Pobočka okresního archivu Mělník</subfield>
            <subfield code="c">Kralupy nad Vltavou</subfield>
            <subfield code="g">CZ-KRVm</subfield>
         </datafield>
         <datafield tag="410" ind1="2" ind2=" ">
            <subfield code="a">Branch of the Mělník District Archive</subfield>
         </datafield>
      </record>