
      <record>
         <leader>00000nz  a2200169   4500</leader>
         <controlfield tag="001">30079267</controlfield>
         <controlfield tag="003">RISM</controlfield>
         <controlfield tag="005">20160216</controlfield>
         <controlfield tag="008">160216n||az|||||||##########||||||||||||</controlfield>
         <datafield tag="040" ind1=" " ind2=" ">
            <subfield code="a">CZ-KUs</subfield>
         </datafield>
         <datafield tag="043" ind1=" " ind2=" ">
            <subfield code="c">CZ</subfield>
         </datafield>
         <datafield tag="110" ind1="2" ind2=" ">
            <subfield code="a">Římskokatolická farnost Kutná Hora-Sedlec</subfield>
            <subfield code="c">Kutná Hora</subfield>
            <subfield code="g">CZ-KUs</subfield>
         </datafield>
         <datafield tag="622" ind1=" " ind2=" ">
            <subfield code="e">Římskokatolická farnost Kutná,  Hora-Sedlec, Sedlec, Zámecká 127, 284 03 Kutná Hora 3, Czech Republic</subfield>
            <subfield code="u">http://www.bihk.cz/dieceze/kutna-hora-sedlec/</subfield>
         </datafield>
      </record>