
      <record>
         <leader>00000nz  a2200169   4500</leader>
         <controlfield tag="001">30004530</controlfield>
         <controlfield tag="003">RISM</controlfield>
         <controlfield tag="005">20160216</controlfield>
         <controlfield tag="008">160216n||az|||||||##########||||||||||||</controlfield>
         <datafield tag="040" ind1=" " ind2=" ">
            <subfield code="a">CZ-KVa</subfield>
         </datafield>
         <datafield tag="043" ind1=" " ind2=" ">
            <subfield code="c">XA-CZ</subfield>
         </datafield>
         <datafield tag="110" ind1="2" ind2=" ">
            <subfield code="a">Státní okresní archiv</subfield>
            <subfield code="c">Karlovy Vary</subfield>
            <subfield code="g">CZ-KVa</subfield>
         </datafield>
         <datafield tag="410" ind1="2" ind2=" ">
            <subfield code="a">District Archive</subfield>
         </datafield>
         <datafield tag="622" ind1=" " ind2=" ">
            <subfield code="e">Státní okresní archiv, Nám. 17. listopadu 2, 360 05 Karlovy Vary, Czech Republic</subfield>
            <subfield code="u">http://www.soaplzen.cz/soka-kv</subfield>
         </datafield>
      </record>