
      <record>
         <leader>00000nz  a2200169   4500</leader>
         <controlfield tag="001">30000588</controlfield>
         <controlfield tag="003">RISM</controlfield>
         <controlfield tag="005">20160216</controlfield>
         <controlfield tag="008">160216n||az|||||||##########||||||||||||</controlfield>
         <datafield tag="040" ind1=" " ind2=" ">
            <subfield code="a">CZ-KVd</subfield>
         </datafield>
         <datafield tag="043" ind1=" " ind2=" ">
            <subfield code="c">XA-CZ</subfield>
         </datafield>
         <datafield tag="110" ind1="2" ind2=" ">
            <subfield code="a">Děkanský kostel, hudební sbírka</subfield>
            <subfield code="c">Karlovy Vary</subfield>
            <subfield code="g">CZ-KVd</subfield>
         </datafield>
         <datafield tag="410" ind1="2" ind2=" ">
            <subfield code="a">Děkanský úřad</subfield>
         </datafield>
         <datafield tag="410" ind1="2" ind2=" ">
            <subfield code="a">Děkanský úřad, chrámu sv. Maří Magdaleny</subfield>
         </datafield>
         <datafield tag="580" ind1=" " ind2=" ">
            <subfield code="x">CZ-PLa</subfield>
            <subfield code="0">30000084</subfield>
         </datafield>
      </record>