
      <record>
         <leader>00000nz  a2200169   4500</leader>
         <controlfield tag="001">30000590</controlfield>
         <controlfield tag="003">RISM</controlfield>
         <controlfield tag="005">20160216</controlfield>
         <controlfield tag="008">160216n||az|||||||##########||||||||||||</controlfield>
         <datafield tag="040" ind1=" " ind2=" ">
            <subfield code="a">CZ-KVm</subfield>
         </datafield>
         <datafield tag="043" ind1=" " ind2=" ">
            <subfield code="c">XA-CZ</subfield>
         </datafield>
         <datafield tag="110" ind1="2" ind2=" ">
            <subfield code="a">Muzeum Karlovy Vary</subfield>
            <subfield code="c">Karlovy Vary</subfield>
            <subfield code="g">CZ-KVm</subfield>
         </datafield>
         <datafield tag="410" ind1="2" ind2=" ">
            <subfield code="a">Městské muzeum</subfield>
         </datafield>
         <datafield tag="622" ind1=" " ind2=" ">
            <subfield code="e">Muzeum Karlovy Vary, Nová louka 23, 360 01 Karlovy Vary, Czech Republic</subfield>
            <subfield code="u">http://kvmuz.cz/o-nas-muzeum-karlovy-vary</subfield>
         </datafield>
      </record>