
      <record>
         <leader>00000nz  a2200169   4500</leader>
         <controlfield tag="001">30000591</controlfield>
         <controlfield tag="003">RISM</controlfield>
         <controlfield tag="005">20160216</controlfield>
         <controlfield tag="008">160216n||az|||||||##########||||||||||||</controlfield>
         <datafield tag="040" ind1=" " ind2=" ">
            <subfield code="a">CZ-KVso</subfield>
         </datafield>
         <datafield tag="043" ind1=" " ind2=" ">
            <subfield code="c">XA-CZ</subfield>
         </datafield>
         <datafield tag="110" ind1="2" ind2=" ">
            <subfield code="a">Archiv symfonického orchestru</subfield>
            <subfield code="c">Karlovy Vary</subfield>
            <subfield code="g">CZ-KVso</subfield>
         </datafield>
         <datafield tag="410" ind1="2" ind2=" ">
            <subfield code="a">Karlovarský symfonický orchestr</subfield>
         </datafield>
         <datafield tag="580" ind1=" " ind2=" ">
            <subfield code="x">CZ-PLa</subfield>
            <subfield code="0">30000084</subfield>
         </datafield>
      </record>