
      <record>
         <leader>00000nz  a2200169   4500</leader>
         <controlfield tag="001">30077184</controlfield>
         <controlfield tag="003">RISM</controlfield>
         <controlfield tag="005">20160216</controlfield>
         <controlfield tag="008">160216n||az|||||||##########||||||||||||</controlfield>
         <datafield tag="040" ind1=" " ind2=" ">
            <subfield code="a">CZ-Kzk</subfield>
         </datafield>
         <datafield tag="043" ind1=" " ind2=" ">
            <subfield code="c">XA-CZ</subfield>
         </datafield>
         <datafield tag="110" ind1="2" ind2=" ">
            <subfield code="a">Státní hrad a zámek Český Krumlov, zámecká knihovna</subfield>
            <subfield code="c">Český Krumlov</subfield>
            <subfield code="g">CZ-Kzk</subfield>
         </datafield>
         <datafield tag="622" ind1=" " ind2=" ">
            <subfield code="e">Státní hrad a zámek Český Krumlov,, zámecká knihovna, Zámek 59, 381 01 Český Krumlov, Czech Republic</subfield>
            <subfield code="u">http://www.castle.ckrumlov.cz/docs/cz/zamek_2nadvori_knihov.xml</subfield>
         </datafield>
      </record>