
      <record>
         <leader>00000nz  a2200169   4500</leader>
         <controlfield tag="001">30006301</controlfield>
         <controlfield tag="003">RISM</controlfield>
         <controlfield tag="005">20160216</controlfield>
         <controlfield tag="008">160216n||az|||||||##########||||||||||||</controlfield>
         <datafield tag="040" ind1=" " ind2=" ">
            <subfield code="a">CZ-LBm</subfield>
         </datafield>
         <datafield tag="043" ind1=" " ind2=" ">
            <subfield code="c">XA-CZ</subfield>
         </datafield>
         <datafield tag="110" ind1="2" ind2=" ">
            <subfield code="a">Fričovo muzeum</subfield>
            <subfield code="c">Lázně Bělohrad</subfield>
            <subfield code="g">CZ-LBm</subfield>
         </datafield>
         <datafield tag="622" ind1=" " ind2=" ">
            <subfield code="e">Fričovo muzeum, Barákova 3, 507 81 Lázně Bělohrad, Czech Republic</subfield>
            <subfield code="u">http://www.lazne-belohrad.cz/kultura/fricovo-muzeum/</subfield>
         </datafield>
      </record>