
      <record>
         <leader>00000nz  a2200169   4500</leader>
         <controlfield tag="001">30000594</controlfield>
         <controlfield tag="003">RISM</controlfield>
         <controlfield tag="005">20160216</controlfield>
         <controlfield tag="008">160216n||az|||||||##########||||||||||||</controlfield>
         <datafield tag="040" ind1=" " ind2=" ">
            <subfield code="a">CZ-LIa</subfield>
         </datafield>
         <datafield tag="043" ind1=" " ind2=" ">
            <subfield code="c">XA-CZ</subfield>
         </datafield>
         <datafield tag="110" ind1="2" ind2=" ">
            <subfield code="a">Státní okresní archiv</subfield>
            <subfield code="c">Česká Lípa</subfield>
            <subfield code="g">CZ-LIa</subfield>
         </datafield>
         <datafield tag="622" ind1=" " ind2=" ">
            <subfield code="e">Státní okresní archiv, Střelnice 3035, P. O. Box 45, 470 01 Česká Lípa, Czech Republic</subfield>
            <subfield code="u">http://www.soalitomerice.cz/content/soka-ceska-lipa</subfield>
         </datafield>
      </record>