
      <record>
         <leader>00000nz  a2200169   4500</leader>
         <controlfield tag="001">30003979</controlfield>
         <controlfield tag="003">RISM</controlfield>
         <controlfield tag="005">20160216</controlfield>
         <controlfield tag="008">160216n||az|||||||##########||||||||||||</controlfield>
         <datafield tag="040" ind1=" " ind2=" ">
            <subfield code="a">CZ-LIm</subfield>
         </datafield>
         <datafield tag="043" ind1=" " ind2=" ">
            <subfield code="c">XA-CZ</subfield>
         </datafield>
         <datafield tag="110" ind1="2" ind2=" ">
            <subfield code="a">Vlastivědné muzeum a galerie &#xD;
</subfield>
            <subfield code="c">Česká Lípa</subfield>
            <subfield code="g">CZ-LIm</subfield>
         </datafield>
         <datafield tag="622" ind1=" " ind2=" ">
            <subfield code="e">Vlastivědné muzeum a galerie &#xD;
, nám. Osvobození 297, 470 34 Česká Lípa, Czech Republic</subfield>
            <subfield code="u">http://www.muzeumcl.cz/</subfield>
         </datafield>
      </record>