
      <record>
         <leader>00000nz  a2200169   4500</leader>
         <controlfield tag="001">30000023</controlfield>
         <controlfield tag="003">RISM</controlfield>
         <controlfield tag="005">20160216</controlfield>
         <controlfield tag="008">160216n||az|||||||##########||||||||||||</controlfield>
         <datafield tag="040" ind1=" " ind2=" ">
            <subfield code="a">CZ-LIT</subfield>
         </datafield>
         <datafield tag="043" ind1=" " ind2=" ">
            <subfield code="c">XA-CZ</subfield>
         </datafield>
         <datafield tag="110" ind1="2" ind2=" ">
            <subfield code="a">Státní oblástní archiv v Litoměřicích</subfield>
            <subfield code="c">Litoměřice</subfield>
            <subfield code="g">CZ-LIT</subfield>
         </datafield>
         <datafield tag="410" ind1="2" ind2=" ">
            <subfield code="a">State Regional Archive</subfield>
         </datafield>
         <datafield tag="622" ind1=" " ind2=" ">
            <subfield code="e">Státní oblástní archiv v Litoměřicích, Krajská 48/1, 412 01 Litoměřice, Czech Republic</subfield>
            <subfield code="u">http://www.soalitomerice.cz</subfield>
         </datafield>
      </record>