
      <record>
         <leader>00000nz  a2200169   4500</leader>
         <controlfield tag="001">30002712</controlfield>
         <controlfield tag="003">RISM</controlfield>
         <controlfield tag="005">20160216</controlfield>
         <controlfield tag="008">160216n||az|||||||##########||||||||||||</controlfield>
         <datafield tag="040" ind1=" " ind2=" ">
            <subfield code="a">CZ-LITb</subfield>
         </datafield>
         <datafield tag="043" ind1=" " ind2=" ">
            <subfield code="c">XA-CZ</subfield>
         </datafield>
         <datafield tag="110" ind1="2" ind2=" ">
            <subfield code="a">Biskupská knihovna</subfield>
            <subfield code="c">Litoměřice</subfield>
            <subfield code="g">CZ-LITb</subfield>
         </datafield>
         <datafield tag="622" ind1=" " ind2=" ">
            <subfield code="e">Biskupská knihovna, Dómské nám. 9, 412 88 Litoměřice, Czech Republic</subfield>
         </datafield>
      </record>