
      <record>
         <leader>00000nz  a2200169   4500</leader>
         <controlfield tag="001">30078125</controlfield>
         <controlfield tag="003">RISM</controlfield>
         <controlfield tag="005">20160216</controlfield>
         <controlfield tag="008">160216n||az|||||||##########||||||||||||</controlfield>
         <datafield tag="040" ind1=" " ind2=" ">
            <subfield code="a">CZ-LKzk</subfield>
         </datafield>
         <datafield tag="043" ind1=" " ind2=" ">
            <subfield code="c">CZ</subfield>
         </datafield>
         <datafield tag="110" ind1="2" ind2=" ">
            <subfield code="a">Zámek Kynžvart</subfield>
            <subfield code="c">Lázně Kynžvart</subfield>
            <subfield code="g">CZ-LKzk</subfield>
         </datafield>
         <datafield tag="622" ind1=" " ind2=" ">
            <subfield code="e">Zámek Kynžvart, 354 91 Lázně Kynžvart, Czech Republic</subfield>
            <subfield code="u">http://www.kynzvart.cz/cz/index.html</subfield>
         </datafield>
      </record>