
      <record>
         <leader>00000nz  a2200169   4500</leader>
         <controlfield tag="001">30002674</controlfield>
         <controlfield tag="003">RISM</controlfield>
         <controlfield tag="005">20160216</controlfield>
         <controlfield tag="008">160216n||az|||||||##########||||||||||||</controlfield>
         <datafield tag="040" ind1=" " ind2=" ">
            <subfield code="a">CZ-LLm</subfield>
         </datafield>
         <datafield tag="043" ind1=" " ind2=" ">
            <subfield code="c">XA-CZ</subfield>
         </datafield>
         <datafield tag="110" ind1="2" ind2=" ">
            <subfield code="a">Regionální muzeum v Litomyšli&#xD;
</subfield>
            <subfield code="c">Litomyšl</subfield>
            <subfield code="g">CZ-LLm</subfield>
         </datafield>
         <datafield tag="410" ind1="2" ind2=" ">
            <subfield code="a">Okresní vlastivědné muzeum</subfield>
         </datafield>
         <datafield tag="622" ind1=" " ind2=" ">
            <subfield code="e">Regionální muzeum v Litomyšli&#xD;
, Jiráskova č.p. 9, 570 01 Litomyšl, Czech Republic</subfield>
            <subfield code="u">http://www.rml.cz</subfield>
         </datafield>
      </record>