
      <record>
         <leader>00000nz  a2200169   4500</leader>
         <controlfield tag="001">30000192</controlfield>
         <controlfield tag="003">RISM</controlfield>
         <controlfield tag="005">20160216</controlfield>
         <controlfield tag="008">160216n||az|||||||##########||||||||||||</controlfield>
         <datafield tag="040" ind1=" " ind2=" ">
            <subfield code="a">CZ-LO</subfield>
         </datafield>
         <datafield tag="043" ind1=" " ind2=" ">
            <subfield code="c">CZ</subfield>
         </datafield>
         <datafield tag="110" ind1="2" ind2=" ">
            <subfield code="a">Římskokatolická farnost Loukov u Semil</subfield>
            <subfield code="c">Loukov (Háje nad Jizerou)</subfield>
            <subfield code="g">CZ-LO</subfield>
         </datafield>
         <datafield tag="622" ind1=" " ind2=" ">
            <subfield code="e">Římskokatolická farnost Loukov u Semil, Komenského nám. 125, 513 01 Loukov (Háje nad Jizerou), Czech Republic</subfield>
            <subfield code="u">http://floukov.sweb.cz/</subfield>
         </datafield>
      </record>