
      <record>
         <leader>00000nz  a2200169   4500</leader>
         <controlfield tag="001">30006302</controlfield>
         <controlfield tag="003">RISM</controlfield>
         <controlfield tag="005">20160216</controlfield>
         <controlfield tag="008">160216n||az|||||||##########||||||||||||</controlfield>
         <datafield tag="040" ind1=" " ind2=" ">
            <subfield code="a">CZ-LTVm</subfield>
         </datafield>
         <datafield tag="043" ind1=" " ind2=" ">
            <subfield code="c">XA-CZ</subfield>
         </datafield>
         <datafield tag="110" ind1="2" ind2=" ">
            <subfield code="a">Muzeum Litovel</subfield>
            <subfield code="c">Litovel</subfield>
            <subfield code="g">CZ-LTVm</subfield>
         </datafield>
         <datafield tag="622" ind1=" " ind2=" ">
            <subfield code="e">Muzeum Litovel, Smyčkova 795, 784 01 Litovel, Czech Republic</subfield>
            <subfield code="u">http://www.muzeumlitovel.cz</subfield>
         </datafield>
      </record>