
      <record>
         <leader>00000nz  a2200169   4500</leader>
         <controlfield tag="001">30076876</controlfield>
         <controlfield tag="003">RISM</controlfield>
         <controlfield tag="005">20160216</controlfield>
         <controlfield tag="008">160216n||az|||||||##########||||||||||||</controlfield>
         <datafield tag="040" ind1=" " ind2=" ">
            <subfield code="a">CZ-LUom</subfield>
         </datafield>
         <datafield tag="043" ind1=" " ind2=" ">
            <subfield code="c">XA-CZ</subfield>
         </datafield>
         <datafield tag="110" ind1="2" ind2=" ">
            <subfield code="a">Oblastní muzeum v Lounech</subfield>
            <subfield code="c">Louny</subfield>
            <subfield code="g">CZ-LUom</subfield>
         </datafield>
         <datafield tag="410" ind1="2" ind2=" ">
            <subfield code="a">Okresní vlastivědné muzeum</subfield>
         </datafield>
         <datafield tag="622" ind1=" " ind2=" ">
            <subfield code="e">Oblastní muzeum v Lounech, Pivovarská 28, 440 01 Louny, Czech Republic</subfield>
            <subfield code="u">http://www.muzeumlouny.cz</subfield>
         </datafield>
      </record>