
      <record>
         <leader>00000nz  a2200169   4500</leader>
         <controlfield tag="001">30077283</controlfield>
         <controlfield tag="003">RISM</controlfield>
         <controlfield tag="005">20160216</controlfield>
         <controlfield tag="008">160216n||az|||||||##########||||||||||||</controlfield>
         <datafield tag="040" ind1=" " ind2=" ">
            <subfield code="a">CZ-LYsoa</subfield>
         </datafield>
         <datafield tag="043" ind1=" " ind2=" ">
            <subfield code="c">CZ</subfield>
         </datafield>
         <datafield tag="110" ind1="2" ind2=" ">
            <subfield code="a">Státní okresní archiv Nymburk se sídlem v Lysé nad Labem</subfield>
            <subfield code="c">Lysá nad Labem</subfield>
            <subfield code="g">CZ-LYsoa</subfield>
         </datafield>
         <datafield tag="622" ind1=" " ind2=" ">
            <subfield code="e">Státní okresní archiv Nymburk se sídlem,  v Lysé nad Labem, Zámecká 6/13, p. s. 11, 289 22 Lysá nad Labem, Czech Republic</subfield>
            <subfield code="u">http://www.soapraha.cz/nymburk</subfield>
         </datafield>
      </record>