
      <record>
         <leader>00000nz  a2200169   4500</leader>
         <controlfield tag="001">30000596</controlfield>
         <controlfield tag="003">RISM</controlfield>
         <controlfield tag="005">20160216</controlfield>
         <controlfield tag="008">160216n||az|||||||##########||||||||||||</controlfield>
         <datafield tag="040" ind1=" " ind2=" ">
            <subfield code="a">CZ-MB</subfield>
         </datafield>
         <datafield tag="043" ind1=" " ind2=" ">
            <subfield code="c">XA-CZ</subfield>
         </datafield>
         <datafield tag="110" ind1="2" ind2=" ">
            <subfield code="a">Státní okresní archiv Mladá Boleslav</subfield>
            <subfield code="c">Mladá Boleslav</subfield>
            <subfield code="g">CZ-MB</subfield>
         </datafield>
         <datafield tag="622" ind1=" " ind2=" ">
            <subfield code="e">Státní okresní archiv Mladá Boleslav, Staroměstské náměstí 1, 293 01 Mladá Boleslav, Czech Republic</subfield>
            <subfield code="u">http://www.soapraha.cz</subfield>
         </datafield>
      </record>