
      <record>
         <leader>00000nz  a2200169   4500</leader>
         <controlfield tag="001">30002675</controlfield>
         <controlfield tag="003">RISM</controlfield>
         <controlfield tag="005">20160216</controlfield>
         <controlfield tag="008">160216n||az|||||||##########||||||||||||</controlfield>
         <datafield tag="040" ind1=" " ind2=" ">
            <subfield code="a">CZ-MBm</subfield>
         </datafield>
         <datafield tag="043" ind1=" " ind2=" ">
            <subfield code="c">XA-CZ</subfield>
         </datafield>
         <datafield tag="110" ind1="2" ind2=" ">
            <subfield code="a">Muzeum Mladoboleslavska</subfield>
            <subfield code="c">Mladá Boleslav</subfield>
            <subfield code="g">CZ-MBm</subfield>
         </datafield>
         <datafield tag="622" ind1=" " ind2=" ">
            <subfield code="e">Muzeum Mladoboleslavska, Hrad 1 - Staroměstské náměstí, 293 01 Mladá Boleslav, Czech Republic</subfield>
            <subfield code="u">http://www.muzeum-mb.cz</subfield>
         </datafield>
      </record>