
      <record>
         <leader>00000nz  a2200169   4500</leader>
         <controlfield tag="001">30003720</controlfield>
         <controlfield tag="003">RISM</controlfield>
         <controlfield tag="005">20160216</controlfield>
         <controlfield tag="008">160216n||az|||||||##########||||||||||||</controlfield>
         <datafield tag="040" ind1=" " ind2=" ">
            <subfield code="a">CZ-MEa</subfield>
         </datafield>
         <datafield tag="043" ind1=" " ind2=" ">
            <subfield code="c">XA-CZ</subfield>
         </datafield>
         <datafield tag="110" ind1="2" ind2=" ">
            <subfield code="a">Státní okresní archiv</subfield>
            <subfield code="c">Mělník</subfield>
            <subfield code="g">CZ-MEa</subfield>
         </datafield>
         <datafield tag="410" ind1="2" ind2=" ">
            <subfield code="a">District Archive</subfield>
         </datafield>
         <datafield tag="622" ind1=" " ind2=" ">
            <subfield code="e">Státní okresní archiv, Pod Vrchem 3358, 27601 Mělník 1, Czech Republic</subfield>
            <subfield code="u">http://www.melnik.cz/statni-okresni-archiv-melnik/os-1065</subfield>
         </datafield>
      </record>