
      <record>
         <leader>00000nz  a2200169   4500</leader>
         <controlfield tag="001">30000598</controlfield>
         <controlfield tag="003">RISM</controlfield>
         <controlfield tag="005">20160216</controlfield>
         <controlfield tag="008">160216n||az|||||||##########||||||||||||</controlfield>
         <datafield tag="040" ind1=" " ind2=" ">
            <subfield code="a">CZ-MH</subfield>
         </datafield>
         <datafield tag="043" ind1=" " ind2=" ">
            <subfield code="c">XA-CZ</subfield>
         </datafield>
         <datafield tag="110" ind1="2" ind2=" ">
            <subfield code="a">Muzeum města Mnichovo Hradiště</subfield>
            <subfield code="c">Mnichovo Hradiště</subfield>
            <subfield code="g">CZ-MH</subfield>
         </datafield>
         <datafield tag="410" ind1="2" ind2=" ">
            <subfield code="a">Municipal Museum</subfield>
         </datafield>
         <datafield tag="410" ind1="2" ind2=" ">
            <subfield code="a">Vlastivědné Muzeum</subfield>
         </datafield>
         <datafield tag="622" ind1=" " ind2=" ">
            <subfield code="e">Muzeum města Mnichovo Hradiště, V Lípách 148, sídlo ve 2. patře státního,  zámku v Mnichově Hradišti, 295 01 Mnichovo Hradiště, Czech Republic</subfield>
            <subfield code="u">http://muzeum.mnhradiste.cz/</subfield>
         </datafield>
      </record>