
      <record>
         <leader>00000nz  a2200169   4500</leader>
         <controlfield tag="001">30004536</controlfield>
         <controlfield tag="003">RISM</controlfield>
         <controlfield tag="005">20160216</controlfield>
         <controlfield tag="008">160216n||az|||||||##########||||||||||||</controlfield>
         <datafield tag="040" ind1=" " ind2=" ">
            <subfield code="a">CZ-MHa</subfield>
         </datafield>
         <datafield tag="043" ind1=" " ind2=" ">
            <subfield code="c">XA-CZ</subfield>
         </datafield>
         <datafield tag="110" ind1="2" ind2=" ">
            <subfield code="a">Státní oblastní archiv v Praze - Pobočka v Mnichově Hradišti</subfield>
            <subfield code="c">Mnichovo Hradiště</subfield>
            <subfield code="g">CZ-MHa</subfield>
         </datafield>
         <datafield tag="410" ind1="2" ind2=" ">
            <subfield code="a">State Regional Archive in Praha, Branch in Mnichovo Hradiště</subfield>
         </datafield>
         <datafield tag="622" ind1=" " ind2=" ">
            <subfield code="e">Státní oblastní archiv v Praze - Pobočka,  v Mnichově Hradišti, Státní zámek, 29501 Mnichovo Hradiště, Czech Republic</subfield>
         </datafield>
      </record>