
      <record>
         <leader>00000nz  a2200169   4500</leader>
         <controlfield tag="001">30002713</controlfield>
         <controlfield tag="003">RISM</controlfield>
         <controlfield tag="005">20160216</controlfield>
         <controlfield tag="008">160216n||az|||||||##########||||||||||||</controlfield>
         <datafield tag="040" ind1=" " ind2=" ">
            <subfield code="a">CZ-MHz</subfield>
         </datafield>
         <datafield tag="043" ind1=" " ind2=" ">
            <subfield code="c">XA-CZ</subfield>
         </datafield>
         <datafield tag="110" ind1="2" ind2=" ">
            <subfield code="a">Zámecká knihovna</subfield>
            <subfield code="c">Mnichovo Hradiště</subfield>
            <subfield code="g">CZ-MHz</subfield>
         </datafield>
         <datafield tag="622" ind1=" " ind2=" ">
            <subfield code="e">Zámecká knihovna, 295 01 Mnichovo Hradiště, Czech Republic</subfield>
            <subfield code="u">http://www.mnichovo-hradiste.cz/</subfield>
         </datafield>
      </record>