
      <record>
         <leader>00000nz  a2200169   4500</leader>
         <controlfield tag="001">30004535</controlfield>
         <controlfield tag="003">RISM</controlfield>
         <controlfield tag="005">20160216</controlfield>
         <controlfield tag="008">160216n||az|||||||##########||||||||||||</controlfield>
         <datafield tag="040" ind1=" " ind2=" ">
            <subfield code="a">CZ-MIm</subfield>
         </datafield>
         <datafield tag="043" ind1=" " ind2=" ">
            <subfield code="c">XA-CZ</subfield>
         </datafield>
         <datafield tag="110" ind1="2" ind2=" ">
            <subfield code="a">Milevské muzeum</subfield>
            <subfield code="c">Milevsko</subfield>
            <subfield code="g">CZ-MIm</subfield>
         </datafield>
         <datafield tag="410" ind1="2" ind2=" ">
            <subfield code="a">Městské muzeum</subfield>
         </datafield>
         <datafield tag="410" ind1="2" ind2=" ">
            <subfield code="a">Municipal Museum</subfield>
         </datafield>
         <datafield tag="622" ind1=" " ind2=" ">
            <subfield code="e">Milevské muzeum, Klášterní  557, 399 01 Milevsko, Czech Republic</subfield>
            <subfield code="u">http://www.muzeumvmilevsku.cz/</subfield>
         </datafield>
      </record>