
      <record>
         <leader>00000nz  a2200169   4500</leader>
         <controlfield tag="001">30006305</controlfield>
         <controlfield tag="003">RISM</controlfield>
         <controlfield tag="005">20160216</controlfield>
         <controlfield tag="008">160216n||az|||||||##########||||||||||||</controlfield>
         <datafield tag="040" ind1=" " ind2=" ">
            <subfield code="a">CZ-NAm</subfield>
         </datafield>
         <datafield tag="043" ind1=" " ind2=" ">
            <subfield code="c">XA-CZ</subfield>
         </datafield>
         <datafield tag="110" ind1="2" ind2=" ">
            <subfield code="a">Okresní muzeum</subfield>
            <subfield code="c">Náchod</subfield>
            <subfield code="g">CZ-NAm</subfield>
         </datafield>
         <datafield tag="622" ind1=" " ind2=" ">
            <subfield code="e">Okresní muzeum, Zámek 1284, 54701 Náchod, Czech Republic</subfield>
            <subfield code="u">http://rmn.wz.cz/</subfield>
         </datafield>
      </record>