
      <record>
         <leader>00000nz  a2200169   4500</leader>
         <controlfield tag="001">30006306</controlfield>
         <controlfield tag="003">RISM</controlfield>
         <controlfield tag="005">20160216</controlfield>
         <controlfield tag="008">160216n||az|||||||##########||||||||||||</controlfield>
         <datafield tag="040" ind1=" " ind2=" ">
            <subfield code="a">CZ-NBm</subfield>
         </datafield>
         <datafield tag="043" ind1=" " ind2=" ">
            <subfield code="c">XA-CZ</subfield>
         </datafield>
         <datafield tag="110" ind1="2" ind2=" ">
            <subfield code="a">Městské muzeum</subfield>
            <subfield code="c">Nový Bydžov</subfield>
            <subfield code="g">CZ-NBm</subfield>
         </datafield>
         <datafield tag="622" ind1=" " ind2=" ">
            <subfield code="e">Městské muzeum, Masarykovo náměstí 507, 50401 Nový Bydžov, Czech Republic</subfield>
            <subfield code="u">http://www.novybydzov.cz/mestske-muzeum-novy-bydzov/os-1023</subfield>
         </datafield>
      </record>