
      <record>
         <leader>00000nz  a2200169   4500</leader>
         <controlfield tag="001">30000025</controlfield>
         <controlfield tag="003">RISM</controlfield>
         <controlfield tag="005">20160216</controlfield>
         <controlfield tag="008">160216n||az|||||||##########||||||||||||</controlfield>
         <datafield tag="040" ind1=" " ind2=" ">
            <subfield code="a">CZ-ND</subfield>
         </datafield>
         <datafield tag="043" ind1=" " ind2=" ">
            <subfield code="c">XA-CZ</subfield>
         </datafield>
         <datafield tag="110" ind1="2" ind2=" ">
            <subfield code="a">Farní úřad, kostel sv. Anny &lt;Nové Dvory&gt;</subfield>
            <subfield code="c">Nové Dvory</subfield>
            <subfield code="g">CZ-ND</subfield>
         </datafield>
         <datafield tag="622" ind1=" " ind2=" ">
            <subfield code="e">Farní úřad, kostel sv. Anny, Nové Dvory, CZ -</subfield>
         </datafield>
      </record>