
      <record>
         <leader>00000nz  a2200169   4500</leader>
         <controlfield tag="001">30006307</controlfield>
         <controlfield tag="003">RISM</controlfield>
         <controlfield tag="005">20160216</controlfield>
         <controlfield tag="008">160216n||az|||||||##########||||||||||||</controlfield>
         <datafield tag="040" ind1=" " ind2=" ">
            <subfield code="a">CZ-NEm</subfield>
         </datafield>
         <datafield tag="043" ind1=" " ind2=" ">
            <subfield code="c">XA-CZ</subfield>
         </datafield>
         <datafield tag="110" ind1="2" ind2=" ">
            <subfield code="a">Městské muzeum a galerie</subfield>
            <subfield code="c">Nepomuk</subfield>
            <subfield code="g">CZ-NEm</subfield>
         </datafield>
         <datafield tag="410" ind1="2" ind2=" ">
            <subfield code="a">Muzeum Nepomucka</subfield>
         </datafield>
         <datafield tag="622" ind1=" " ind2=" ">
            <subfield code="e">Městské muzeum a galerie, nám. A. Němejce 126, 335 01 Nepomuk, Czech Republic</subfield>
            <subfield code="u">http://www.nepomuk.cz/cs/mestske-muzeum-a-galerie</subfield>
         </datafield>
      </record>