
      <record>
         <leader>00000nz  a2200169   4500</leader>
         <controlfield tag="001">30079265</controlfield>
         <controlfield tag="003">RISM</controlfield>
         <controlfield tag="005">20160216</controlfield>
         <controlfield tag="008">160216n||az|||||||##########||||||||||||</controlfield>
         <datafield tag="040" ind1=" " ind2=" ">
            <subfield code="a">CZ-NEsoa</subfield>
         </datafield>
         <datafield tag="043" ind1=" " ind2=" ">
            <subfield code="c">CZ</subfield>
         </datafield>
         <datafield tag="110" ind1="2" ind2=" ">
            <subfield code="a">Státní oblastní archiv v Plzni, pracoviště Klášter</subfield>
            <subfield code="c">Nepomuk</subfield>
            <subfield code="g">CZ-NEsoa</subfield>
         </datafield>
         <datafield tag="622" ind1=" " ind2=" ">
            <subfield code="e">Státní oblastní archiv v Plzni,,  pracoviště Klášter, Klášter 101, 335 01 Nepomuk, Czech Republic</subfield>
            <subfield code="u">http://www.soaplzen.cz/nepomuk</subfield>
         </datafield>
      </record>