
      <record>
         <leader>00000nz  a2200169   4500</leader>
         <controlfield tag="001">30076975</controlfield>
         <controlfield tag="003">RISM</controlfield>
         <controlfield tag="005">20160216</controlfield>
         <controlfield tag="008">160216n||az|||||||##########||||||||||||</controlfield>
         <datafield tag="040" ind1=" " ind2=" ">
            <subfield code="a">CZ-Nlobkowicz</subfield>
         </datafield>
         <datafield tag="043" ind1=" " ind2=" ">
            <subfield code="c">XA-CZ</subfield>
         </datafield>
         <datafield tag="110" ind1="2" ind2=" ">
            <subfield code="a">Roudnicka Lobkowiczka sbirka, zamek</subfield>
            <subfield code="c">Nelahozeves</subfield>
            <subfield code="g">CZ-Nlobkowicz</subfield>
         </datafield>
         <datafield tag="410" ind1="2" ind2=" ">
            <subfield code="a">private Library Lobkowicz, castle</subfield>
         </datafield>
      </record>