
      <record>
         <leader>00000nz  a2200169   4500</leader>
         <controlfield tag="001">30006308</controlfield>
         <controlfield tag="003">RISM</controlfield>
         <controlfield tag="005">20160216</controlfield>
         <controlfield tag="008">160216n||az|||||||##########||||||||||||</controlfield>
         <datafield tag="040" ind1=" " ind2=" ">
            <subfield code="a">CZ-NMM</subfield>
         </datafield>
         <datafield tag="043" ind1=" " ind2=" ">
            <subfield code="c">XA-CZ</subfield>
         </datafield>
         <datafield tag="110" ind1="2" ind2=" ">
            <subfield code="a">Horácké muzeum</subfield>
            <subfield code="c">Nové Město na Moravě</subfield>
            <subfield code="g">CZ-NMM</subfield>
         </datafield>
         <datafield tag="622" ind1=" " ind2=" ">
            <subfield code="e">Horácké muzeum, Vratislavovo náměstí 114, 592 31 Nové Město na Moravě, Czech Republic</subfield>
            <subfield code="u">http://hm.nmnm.cz/</subfield>
         </datafield>
      </record>