
      <record>
         <leader>00000nz  a2200169   4500</leader>
         <controlfield tag="001">30002698</controlfield>
         <controlfield tag="003">RISM</controlfield>
         <controlfield tag="005">20160216</controlfield>
         <controlfield tag="008">160216n||az|||||||##########||||||||||||</controlfield>
         <datafield tag="040" ind1=" " ind2=" ">
            <subfield code="a">CZ-NR</subfield>
         </datafield>
         <datafield tag="043" ind1=" " ind2=" ">
            <subfield code="c">XA-CZ</subfield>
         </datafield>
         <datafield tag="110" ind1="2" ind2=" ">
            <subfield code="a">Klášter premonstrátů, knihovna a hudební sbírka</subfield>
            <subfield code="c">Nová Říše</subfield>
            <subfield code="g">CZ-NR</subfield>
         </datafield>
         <datafield tag="410" ind1="2" ind2=" ">
            <subfield code="a">Knihovna premonstrátů</subfield>
         </datafield>
         <datafield tag="622" ind1=" " ind2=" ">
            <subfield code="e">Kanonie premonstrátů v Nové Říši, 588 65 Nová Říše 1, Czech Republic</subfield>
            <subfield code="u">http://www.klaster.novarise.cz/</subfield>
         </datafield>
      </record>