
      <record>
         <leader>00000nz  a2200169   4500</leader>
         <controlfield tag="001">30006092</controlfield>
         <controlfield tag="003">RISM</controlfield>
         <controlfield tag="005">20160216</controlfield>
         <controlfield tag="008">160216n||az|||||||##########||||||||||||</controlfield>
         <datafield tag="040" ind1=" " ind2=" ">
            <subfield code="a">CZ-Nrlk</subfield>
         </datafield>
         <datafield tag="043" ind1=" " ind2=" ">
            <subfield code="c">XA-CZ</subfield>
         </datafield>
         <datafield tag="110" ind1="2" ind2=" ">
            <subfield code="a">Zámek Nelahozeves - Roudnická lobkovická knihovna</subfield>
            <subfield code="c">Nelahozeves</subfield>
            <subfield code="g">CZ-Nrlk</subfield>
         </datafield>
         <datafield tag="622" ind1=" " ind2=" ">
            <subfield code="e">Zámek Nelahozeves - Roudnická, lobkovická knihovna, 277 51 Nelahozeves, Czech Republic</subfield>
            <subfield code="u">http://www.zameknelahozeves.cz/</subfield>
         </datafield>
      </record>