
      <record>
         <leader>00000nz  a2200169   4500</leader>
         <controlfield tag="001">30000184</controlfield>
         <controlfield tag="003">RISM</controlfield>
         <controlfield tag="005">20160216</controlfield>
         <controlfield tag="008">160216n||az|||||||##########||||||||||||</controlfield>
         <datafield tag="040" ind1=" " ind2=" ">
            <subfield code="a">CZ-NYd</subfield>
         </datafield>
         <datafield tag="043" ind1=" " ind2=" ">
            <subfield code="c">XA-CZ</subfield>
         </datafield>
         <datafield tag="110" ind1="2" ind2=" ">
            <subfield code="a">Děkanský úřad římskokatolický v Nymburce</subfield>
            <subfield code="c">Nymburk</subfield>
            <subfield code="g">CZ-NYd</subfield>
         </datafield>
         <datafield tag="410" ind1="2" ind2=" ">
            <subfield code="a">Kostel sv. Jiljí</subfield>
         </datafield>
         <datafield tag="580" ind1=" " ind2=" ">
            <subfield code="x">CZ-Pa</subfield>
            <subfield code="0">30000085</subfield>
         </datafield>
      </record>