
      <record>
         <leader>00000nz  a2200169   4500</leader>
         <controlfield tag="001">30003980</controlfield>
         <controlfield tag="003">RISM</controlfield>
         <controlfield tag="005">20160216</controlfield>
         <controlfield tag="008">160216n||az|||||||##########||||||||||||</controlfield>
         <datafield tag="040" ind1=" " ind2=" ">
            <subfield code="a">CZ-NYm</subfield>
         </datafield>
         <datafield tag="043" ind1=" " ind2=" ">
            <subfield code="c">XA-CZ</subfield>
         </datafield>
         <datafield tag="110" ind1="2" ind2=" ">
            <subfield code="a">Polabské muzeum - Vlastivědné muzeum</subfield>
            <subfield code="c">Nymburk</subfield>
            <subfield code="g">CZ-NYm</subfield>
         </datafield>
         <datafield tag="622" ind1=" " ind2=" ">
            <subfield code="e">Polabské muzeum - Vlastivědné muzeum, Tyršova 174, 288 02 Nymburk, Czech Republic</subfield>
            <subfield code="u">http://polabskemuzeum.cz/?L=1&amp;ID=4</subfield>
         </datafield>
      </record>