
      <record>
         <leader>00000nz  a2200169   4500</leader>
         <controlfield tag="001">30000601</controlfield>
         <controlfield tag="003">RISM</controlfield>
         <controlfield tag="005">20160216</controlfield>
         <controlfield tag="008">160216n||az|||||||##########||||||||||||</controlfield>
         <datafield tag="040" ind1=" " ind2=" ">
            <subfield code="a">CZ-OLa</subfield>
         </datafield>
         <datafield tag="043" ind1=" " ind2=" ">
            <subfield code="c">XA-CZ</subfield>
         </datafield>
         <datafield tag="110" ind1="2" ind2=" ">
            <subfield code="a">Státní okresní archiv Olomouc</subfield>
            <subfield code="c">Olomouc</subfield>
            <subfield code="g">CZ-OLa</subfield>
         </datafield>
         <datafield tag="410" ind1="2" ind2=" ">
            <subfield code="a">State Regional Archive in Opava, Branch in Olomouc</subfield>
         </datafield>
         <datafield tag="410" ind1="2" ind2=" ">
            <subfield code="a">Arcibiskupská sbírka</subfield>
         </datafield>
         <datafield tag="622" ind1=" " ind2=" ">
            <subfield code="e">Státní okresní archiv Olomouc, U Husova sboru 10, 771 11 Olomouc, Czech Republic</subfield>
            <subfield code="u">http://www.archives.cz/zao/olomouc/index.php</subfield>
         </datafield>
      </record>