
      <record>
         <leader>00000nz  a2200169   4500</leader>
         <controlfield tag="001">30006310</controlfield>
         <controlfield tag="003">RISM</controlfield>
         <controlfield tag="005">20160216</controlfield>
         <controlfield tag="008">160216n||az|||||||##########||||||||||||</controlfield>
         <datafield tag="040" ind1=" " ind2=" ">
            <subfield code="a">CZ-OLm</subfield>
         </datafield>
         <datafield tag="043" ind1=" " ind2=" ">
            <subfield code="c">XA-CZ</subfield>
         </datafield>
         <datafield tag="110" ind1="2" ind2=" ">
            <subfield code="a">Vlastivědné muzeum</subfield>
            <subfield code="c">Olomouc</subfield>
            <subfield code="g">CZ-OLm</subfield>
         </datafield>
         <datafield tag="622" ind1=" " ind2=" ">
            <subfield code="e">Vlastivědné muzeum, nám. Republiky 5, 771 73 Olomouc, Czech Republic</subfield>
            <subfield code="u">http://www.vmo.cz/</subfield>
         </datafield>
      </record>