
      <record>
         <leader>00000nz  a2200169   4500</leader>
         <controlfield tag="001">30000602</controlfield>
         <controlfield tag="003">RISM</controlfield>
         <controlfield tag="005">20160216</controlfield>
         <controlfield tag="008">160216n||az|||||||##########||||||||||||</controlfield>
         <datafield tag="040" ind1=" " ind2=" ">
            <subfield code="a">CZ-OLu</subfield>
         </datafield>
         <datafield tag="043" ind1=" " ind2=" ">
            <subfield code="c">XA-CZ</subfield>
         </datafield>
         <datafield tag="110" ind1="2" ind2=" ">
            <subfield code="a">Vědecká knihovna</subfield>
            <subfield code="c">Olomouc</subfield>
            <subfield code="g">CZ-OLu</subfield>
         </datafield>
         <datafield tag="410" ind1="2" ind2=" ">
            <subfield code="a">Státní vědecká knihovna (Universitní knihovna)</subfield>
         </datafield>
         <datafield tag="622" ind1=" " ind2=" ">
            <subfield code="e">Vědecká knihovna, Bezručova 659/2, 779 11 Olomouc 9, Czech Republic</subfield>
            <subfield code="u">http://www.vkol.cz/cs/</subfield>
         </datafield>
      </record>