
      <record>
         <leader>00000nz  a2200169   4500</leader>
         <controlfield tag="001">30000026</controlfield>
         <controlfield tag="003">RISM</controlfield>
         <controlfield tag="005">20160216</controlfield>
         <controlfield tag="008">160216n||az|||||||##########||||||||||||</controlfield>
         <datafield tag="040" ind1=" " ind2=" ">
            <subfield code="a">CZ-OP</subfield>
         </datafield>
         <datafield tag="043" ind1=" " ind2=" ">
            <subfield code="c">XA-CZ</subfield>
         </datafield>
         <datafield tag="110" ind1="2" ind2=" ">
            <subfield code="a">Slezské zemské muzeum&#xD;
</subfield>
            <subfield code="c">Opava</subfield>
            <subfield code="g">CZ-OP</subfield>
         </datafield>
         <datafield tag="410" ind1="2" ind2=" ">
            <subfield code="a">Slezské muzeum</subfield>
         </datafield>
         <datafield tag="622" ind1=" " ind2=" ">
            <subfield code="e">Slezské zemské muzeum&#xD;
, Tyršova 1, 746 01 Opava, Czech Republic</subfield>
            <subfield code="u">http://www.szmo.cz</subfield>
         </datafield>
      </record>