
      <record>
         <leader>00000nz  a2200169   4500</leader>
         <controlfield tag="001">30000603</controlfield>
         <controlfield tag="003">RISM</controlfield>
         <controlfield tag="005">20160216</controlfield>
         <controlfield tag="008">160216n||az|||||||##########||||||||||||</controlfield>
         <datafield tag="040" ind1=" " ind2=" ">
            <subfield code="a">CZ-OS</subfield>
         </datafield>
         <datafield tag="043" ind1=" " ind2=" ">
            <subfield code="c">XA-CZ</subfield>
         </datafield>
         <datafield tag="110" ind1="2" ind2=" ">
            <subfield code="a">Český rozhlas, hudební archiv</subfield>
            <subfield code="c">Ostrava</subfield>
            <subfield code="g">CZ-OS</subfield>
         </datafield>
         <datafield tag="622" ind1=" " ind2=" ">
            <subfield code="e">Český rozhlas, hudební archiv, Dr. Šmerala 2, 702 00 Ostrava, Czech Republic</subfield>
            <subfield code="u">http://www.rozhlas.cz/ostrava/portal/</subfield>
         </datafield>
      </record>