
      <record>
         <leader>00000nz  a2200169   4500</leader>
         <controlfield tag="001">30006504</controlfield>
         <controlfield tag="003">RISM</controlfield>
         <controlfield tag="005">20160216</controlfield>
         <controlfield tag="008">160216n||az|||||||##########||||||||||||</controlfield>
         <datafield tag="040" ind1=" " ind2=" ">
            <subfield code="a">CZ-OSm</subfield>
         </datafield>
         <datafield tag="043" ind1=" " ind2=" ">
            <subfield code="c">XA-CZ</subfield>
         </datafield>
         <datafield tag="110" ind1="2" ind2=" ">
            <subfield code="a">Ostravské muzeum, hudebně historické oddělení</subfield>
            <subfield code="c">Ostrava</subfield>
            <subfield code="g">CZ-OSm</subfield>
         </datafield>
         <datafield tag="622" ind1=" " ind2=" ">
            <subfield code="e">Ostravské muzeum, hudebně historické,  oddělení, Masarykovo nám. 1, 728 41 Ostrava, Czech Republic</subfield>
            <subfield code="u">http://www.ostrmuz.cz</subfield>
         </datafield>
      </record>