
      <record>
         <leader>00000nz  a2200169   4500</leader>
         <controlfield tag="001">30000085</controlfield>
         <controlfield tag="003">RISM</controlfield>
         <controlfield tag="005">20160216</controlfield>
         <controlfield tag="008">160216n||az|||||||##########||||||||||||</controlfield>
         <datafield tag="040" ind1=" " ind2=" ">
            <subfield code="a">CZ-Pa</subfield>
         </datafield>
         <datafield tag="043" ind1=" " ind2=" ">
            <subfield code="c">XA-CZ</subfield>
         </datafield>
         <datafield tag="110" ind1="2" ind2=" ">
            <subfield code="a">Národní archiv</subfield>
            <subfield code="c">Praha</subfield>
            <subfield code="g">CZ-Pa</subfield>
         </datafield>
         <datafield tag="410" ind1="2" ind2=" ">
            <subfield code="a">Státní ústřední archiv</subfield>
         </datafield>
         <datafield tag="622" ind1=" " ind2=" ">
            <subfield code="e">Národní archiv, Archivní 4/2257, 149 00 Praha 4 - Chodovec, Czech Republic</subfield>
            <subfield code="u">http://www.nacr.cz/</subfield>
         </datafield>
      </record>