
      <record>
         <leader>00000nz  a2200169   4500</leader>
         <controlfield tag="001">30000027</controlfield>
         <controlfield tag="003">RISM</controlfield>
         <controlfield tag="005">20160216</controlfield>
         <controlfield tag="008">160216n||az|||||||##########||||||||||||</controlfield>
         <datafield tag="040" ind1=" " ind2=" ">
            <subfield code="a">CZ-Pak</subfield>
         </datafield>
         <datafield tag="043" ind1=" " ind2=" ">
            <subfield code="c">XA-CZ</subfield>
         </datafield>
         <datafield tag="110" ind1="2" ind2=" ">
            <subfield code="a">Archiv Pražského hradu</subfield>
            <subfield code="c">Praha</subfield>
            <subfield code="g">CZ-Pak</subfield>
         </datafield>
         <datafield tag="410" ind1="2" ind2=" ">
            <subfield code="a">Knihovna metropolitní kapituly, hudební sbírka katedrály svatého Víta</subfield>
         </datafield>
         <datafield tag="410" ind1="2" ind2=" ">
            <subfield code="a">Hudební sbírka Kaple sv. Kříže katedrály</subfield>
         </datafield>
         <datafield tag="622" ind1=" " ind2=" ">
            <subfield code="e">Archiv Pražského hradu, III. nádvoří, 119 08 Praha 1, Czech Republic</subfield>
            <subfield code="u">http://www.prazskyhradarchiv.cz/archivPH/cz/</subfield>
         </datafield>
      </record>