
      <record>
         <leader>00000nz  a2200169   4500</leader>
         <controlfield tag="001">30006311</controlfield>
         <controlfield tag="003">RISM</controlfield>
         <controlfield tag="005">20160216</controlfield>
         <controlfield tag="008">160216n||az|||||||##########||||||||||||</controlfield>
         <datafield tag="040" ind1=" " ind2=" ">
            <subfield code="a">CZ-PAm</subfield>
         </datafield>
         <datafield tag="043" ind1=" " ind2=" ">
            <subfield code="c">XA-CZ</subfield>
         </datafield>
         <datafield tag="110" ind1="2" ind2=" ">
            <subfield code="a">Východočeské muzeum v Pardubicích</subfield>
            <subfield code="c">Pardubice</subfield>
            <subfield code="g">CZ-PAm</subfield>
         </datafield>
         <datafield tag="622" ind1=" " ind2=" ">
            <subfield code="e">Východočeské muzeum v Pardubicích, Zámek č.p.2, 530 02  Pardubice, Czech Republic</subfield>
            <subfield code="u">http://www.vcm.cz/</subfield>
         </datafield>
      </record>