
      <record>
         <leader>00000nz  a2200169   4500</leader>
         <controlfield tag="001">30003981</controlfield>
         <controlfield tag="003">RISM</controlfield>
         <controlfield tag="005">20160216</controlfield>
         <controlfield tag="008">160216n||az|||||||##########||||||||||||</controlfield>
         <datafield tag="040" ind1=" " ind2=" ">
            <subfield code="a">CZ-Pam</subfield>
         </datafield>
         <datafield tag="043" ind1=" " ind2=" ">
            <subfield code="c">XA-CZ</subfield>
         </datafield>
         <datafield tag="110" ind1="2" ind2=" ">
            <subfield code="a">Archiv hlavního města Prahy</subfield>
            <subfield code="c">Praha</subfield>
            <subfield code="g">CZ-Pam</subfield>
         </datafield>
         <datafield tag="622" ind1=" " ind2=" ">
            <subfield code="e">Archiv hlavního města Prahy, Archivní 6, 149 00 Praha 4, Czech Republic</subfield>
            <subfield code="u">http://www.ahmp.cz/</subfield>
         </datafield>
      </record>