
      <record>
         <leader>00000nz  a2200169   4500</leader>
         <controlfield tag="001">30006347</controlfield>
         <controlfield tag="003">RISM</controlfield>
         <controlfield tag="005">20160216</controlfield>
         <controlfield tag="008">160216n||az|||||||##########||||||||||||</controlfield>
         <datafield tag="040" ind1=" " ind2=" ">
            <subfield code="a">CZ-Par</subfield>
         </datafield>
         <datafield tag="043" ind1=" " ind2=" ">
            <subfield code="c">XA-CZ</subfield>
         </datafield>
         <datafield tag="110" ind1="2" ind2=" ">
            <subfield code="a">Knihovna pražského arcibiskupství</subfield>
            <subfield code="c">Praha</subfield>
            <subfield code="g">CZ-Par</subfield>
         </datafield>
         <datafield tag="622" ind1=" " ind2=" ">
            <subfield code="e">Knihovna pražského arcibiskupství, Hradčanské nám. 16, 119 02 Praha 1 - Hradčany, Czech Republic</subfield>
            <subfield code="u">http://www.apha.cz</subfield>
         </datafield>
      </record>