
      <record>
         <leader>00000nz  a2200169   4500</leader>
         <controlfield tag="001">30003984</controlfield>
         <controlfield tag="003">RISM</controlfield>
         <controlfield tag="005">20160216</controlfield>
         <controlfield tag="008">160216n||az|||||||##########||||||||||||</controlfield>
         <datafield tag="040" ind1=" " ind2=" ">
            <subfield code="a">CZ-PAS</subfield>
         </datafield>
         <datafield tag="043" ind1=" " ind2=" ">
            <subfield code="c">XA-CZ</subfield>
         </datafield>
         <datafield tag="110" ind1="2" ind2=" ">
            <subfield code="a">Krkonošské muzeum - Památník Zapadlých vlastenců</subfield>
            <subfield code="c">Paseky nad Jizerou</subfield>
            <subfield code="g">CZ-PAS</subfield>
         </datafield>
         <datafield tag="622" ind1=" " ind2=" ">
            <subfield code="e">Krkonošské muzeum - Památník Zapadlých,  vlastenců, 512 47 Paseky nad Jizerou 121, Czech Republic</subfield>
         </datafield>
      </record>