
      <record>
         <leader>00000nz  a2200169   4500</leader>
         <controlfield tag="001">30002715</controlfield>
         <controlfield tag="003">RISM</controlfield>
         <controlfield tag="005">20160216</controlfield>
         <controlfield tag="008">160216n||az|||||||##########||||||||||||</controlfield>
         <datafield tag="040" ind1=" " ind2=" ">
            <subfield code="a">CZ-Pat</subfield>
         </datafield>
         <datafield tag="043" ind1=" " ind2=" ">
            <subfield code="c">XA-CZ</subfield>
         </datafield>
         <datafield tag="110" ind1="2" ind2=" ">
            <subfield code="a">Knihovna augustiniánského kláštera sv. Tomáše</subfield>
            <subfield code="c">Praha</subfield>
            <subfield code="g">CZ-Pat</subfield>
         </datafield>
         <datafield tag="622" ind1=" " ind2=" ">
            <subfield code="e">Knihovna augustiniánského kláštera sv.,  Tomáše, Josefská 8, 118 01 Praha 1, Czech Republic</subfield>
            <subfield code="u">http://www.augustiniani.cz/farnost/klasterni-knihovna</subfield>
         </datafield>
      </record>