
      <record>
         <leader>00000nz  a2200169   4500</leader>
         <controlfield tag="001">30004539</controlfield>
         <controlfield tag="003">RISM</controlfield>
         <controlfield tag="005">20160216</controlfield>
         <controlfield tag="008">160216n||az|||||||##########||||||||||||</controlfield>
         <datafield tag="040" ind1=" " ind2=" ">
            <subfield code="a">CZ-Pav</subfield>
         </datafield>
         <datafield tag="043" ind1=" " ind2=" ">
            <subfield code="c">XA-CZ</subfield>
         </datafield>
         <datafield tag="110" ind1="2" ind2=" ">
            <subfield code="a">Akademie věd České republiky - Kabinet hudební historie</subfield>
            <subfield code="c">Praha</subfield>
            <subfield code="g">CZ-Pav</subfield>
         </datafield>
         <datafield tag="622" ind1=" " ind2=" ">
            <subfield code="e">Akademie věd České republiky - Kabine, hudební historie, Puškinovo náměstí 9, 160 00 Praha 6, Czech Republic</subfield>
            <subfield code="u">http://www.cas.cz/</subfield>
         </datafield>
      </record>