
      <record>
         <leader>00000nz  a2200169   4500</leader>
         <controlfield tag="001">30002716</controlfield>
         <controlfield tag="003">RISM</controlfield>
         <controlfield tag="005">20160216</controlfield>
         <controlfield tag="008">160216n||az|||||||##########||||||||||||</controlfield>
         <datafield tag="040" ind1=" " ind2=" ">
            <subfield code="a">CZ-Pd</subfield>
         </datafield>
         <datafield tag="043" ind1=" " ind2=" ">
            <subfield code="c">XA-CZ</subfield>
         </datafield>
         <datafield tag="110" ind1="2" ind2=" ">
            <subfield code="a">Knihovna dominikánského kláštera sv. Jiljí</subfield>
            <subfield code="c">Praha</subfield>
            <subfield code="g">CZ-Pd</subfield>
         </datafield>
         <datafield tag="622" ind1=" " ind2=" ">
            <subfield code="e">Knihovna dominikánského kláštera sv., Jiljí, Husova 234/8, 110 00 Praha 1 - Staré Město, Czech Republic</subfield>
            <subfield code="u">http://praha.op.cz/</subfield>
         </datafield>
      </record>