
      <record>
         <leader>00000nz  a2200169   4500</leader>
         <controlfield tag="001">30000604</controlfield>
         <controlfield tag="003">RISM</controlfield>
         <controlfield tag="005">20160216</controlfield>
         <controlfield tag="008">160216n||az|||||||##########||||||||||||</controlfield>
         <datafield tag="040" ind1=" " ind2=" ">
            <subfield code="a">CZ-Pdobrovského</subfield>
         </datafield>
         <datafield tag="043" ind1=" " ind2=" ">
            <subfield code="c">XA-CZ</subfield>
         </datafield>
         <datafield tag="110" ind1="2" ind2=" ">
            <subfield code="a">Národní muzeum, Dobrovského (Nostická) knihovna</subfield>
            <subfield code="c">Praha</subfield>
            <subfield code="g">CZ-Pdobrovského</subfield>
         </datafield>
         <datafield tag="410" ind1="2" ind2=" ">
            <subfield code="a">Knihovna Josefa Dobrovského</subfield>
         </datafield>
         <datafield tag="410" ind1="2" ind2=" ">
            <subfield code="a">Nostitzká knihovna, nyní knihovna J. Dobrovského</subfield>
         </datafield>
         <datafield tag="622" ind1=" " ind2=" ">
            <subfield code="e">Národní muzeum, Dobrovského (Nostická),  knihovna, Maltézské náměsti 471, 118 00 Praha 1, Czech Republic</subfield>
         </datafield>
      </record>