
      <record>
         <leader>00000nz  a2200169   4500</leader>
         <controlfield tag="001">30002717</controlfield>
         <controlfield tag="003">RISM</controlfield>
         <controlfield tag="005">20160216</controlfield>
         <controlfield tag="008">160216n||az|||||||##########||||||||||||</controlfield>
         <datafield tag="040" ind1=" " ind2=" ">
            <subfield code="a">CZ-Pf</subfield>
         </datafield>
         <datafield tag="043" ind1=" " ind2=" ">
            <subfield code="c">XA-CZ</subfield>
         </datafield>
         <datafield tag="110" ind1="2" ind2=" ">
            <subfield code="a">Konvent u kostela Panny Marie Sněžné, knihovna&#xD;
</subfield>
            <subfield code="c">Praha</subfield>
            <subfield code="g">CZ-Pf</subfield>
         </datafield>
         <datafield tag="622" ind1=" " ind2=" ">
            <subfield code="e">Konvent u kostela Panny Marie Sněžné, Jungmannovo nám. 18, 110 00 Praha 1, Czech Republic</subfield>
            <subfield code="u">http://www.ofm.cz/konventy/praha</subfield>
         </datafield>
      </record>