
      <record>
         <leader>00000nz  a2200169   4500</leader>
         <controlfield tag="001">30004538</controlfield>
         <controlfield tag="003">RISM</controlfield>
         <controlfield tag="005">20160216</controlfield>
         <controlfield tag="008">160216n||az|||||||##########||||||||||||</controlfield>
         <datafield tag="040" ind1=" " ind2=" ">
            <subfield code="a">CZ-Pfa</subfield>
         </datafield>
         <datafield tag="043" ind1=" " ind2=" ">
            <subfield code="c">XA-CZ</subfield>
         </datafield>
         <datafield tag="110" ind1="2" ind2=" ">
            <subfield code="a">Česká filharmonie, hudební archiv</subfield>
            <subfield code="c">Praha</subfield>
            <subfield code="g">CZ-Pfa</subfield>
         </datafield>
         <datafield tag="410" ind1="2" ind2=" ">
            <subfield code="a">Czech Philharmonic Orchestra, Music Archive</subfield>
         </datafield>
         <datafield tag="622" ind1=" " ind2=" ">
            <subfield code="e">Česká filharmonie, hudební archiv, Alšovo nábřeží 12, 110  Prague 1, Czech Republic</subfield>
            <subfield code="u">http://www.ceskafilharmonie.cz/</subfield>
         </datafield>
      </record>