
      <record>
         <leader>00000nz  a2200169   4500</leader>
         <controlfield tag="001">30006350</controlfield>
         <controlfield tag="003">RISM</controlfield>
         <controlfield tag="005">20160216</controlfield>
         <controlfield tag="008">160216n||az|||||||##########||||||||||||</controlfield>
         <datafield tag="040" ind1=" " ind2=" ">
            <subfield code="a">CZ-Phf</subfield>
         </datafield>
         <datafield tag="043" ind1=" " ind2=" ">
            <subfield code="c">XA-CZ</subfield>
         </datafield>
         <datafield tag="110" ind1="2" ind2=" ">
            <subfield code="a">Univerzita Karlova v Praze, Husitská teologická fakulta, Knihovna</subfield>
            <subfield code="c">Praha</subfield>
            <subfield code="g">CZ-Phf</subfield>
         </datafield>
         <datafield tag="410" ind1="2" ind2=" ">
            <subfield code="a">Knihovna Husovy československé bohoslovecké fakulty</subfield>
         </datafield>
         <datafield tag="622" ind1=" " ind2=" ">
            <subfield code="e">Univerzita Karlova v Praze, Husitská, teologická fakulta, Knihovna, Pacovská 350/4, Postfach 56, 140 21 Praha 4, Czech Republic</subfield>
            <subfield code="u">http://www.htf.cuni.cz/HTF-101.html</subfield>
         </datafield>
      </record>