
      <record>
         <leader>00000nz  a2200169   4500</leader>
         <controlfield tag="001">30005719</controlfield>
         <controlfield tag="003">RISM</controlfield>
         <controlfield tag="005">20160216</controlfield>
         <controlfield tag="008">160216n||az|||||||##########||||||||||||</controlfield>
         <datafield tag="040" ind1=" " ind2=" ">
            <subfield code="a">CZ-PI</subfield>
         </datafield>
         <datafield tag="043" ind1=" " ind2=" ">
            <subfield code="c">XA-CZ</subfield>
         </datafield>
         <datafield tag="110" ind1="2" ind2=" ">
            <subfield code="a">Státní okresní archiv</subfield>
            <subfield code="c">Písek</subfield>
            <subfield code="g">CZ-PI</subfield>
         </datafield>
         <datafield tag="622" ind1=" " ind2=" ">
            <subfield code="e">Státní okresní archiv, Nádražní 2149, 397 01  Písek, Czech Republic</subfield>
            <subfield code="u">https://www.ceskearchivy.cz/cz/statni-okresni-archivy/pisek/soka-pisek-uvod/63-statni-okresni-archiv-pisek</subfield>
         </datafield>
      </record>