
      <record>
         <leader>00000nz  a2200169   4500</leader>
         <controlfield tag="001">30006313</controlfield>
         <controlfield tag="003">RISM</controlfield>
         <controlfield tag="005">20160216</controlfield>
         <controlfield tag="008">160216n||az|||||||##########||||||||||||</controlfield>
         <datafield tag="040" ind1=" " ind2=" ">
            <subfield code="a">CZ-PIm</subfield>
         </datafield>
         <datafield tag="043" ind1=" " ind2=" ">
            <subfield code="c">XA-CZ</subfield>
         </datafield>
         <datafield tag="110" ind1="2" ind2=" ">
            <subfield code="a">Prácheňské muzeum v Písku</subfield>
            <subfield code="c">Písek</subfield>
            <subfield code="g">CZ-PIm</subfield>
         </datafield>
         <datafield tag="410" ind1="2" ind2=" ">
            <subfield code="a">Oblastní muzeum</subfield>
         </datafield>
         <datafield tag="622" ind1=" " ind2=" ">
            <subfield code="e">Prácheňské muzeum v Písku, Velké nám. 114, 397 24 Písek, Czech Republic</subfield>
            <subfield code="u">http://www.prachenskemuzeum.cz/</subfield>
         </datafield>
      </record>