
      <record>
         <leader>00000nz  a2200169   4500</leader>
         <controlfield tag="001">30000605</controlfield>
         <controlfield tag="003">RISM</controlfield>
         <controlfield tag="005">20160216</controlfield>
         <controlfield tag="008">160216n||az|||||||##########||||||||||||</controlfield>
         <datafield tag="040" ind1=" " ind2=" ">
            <subfield code="a">CZ-Pis</subfield>
         </datafield>
         <datafield tag="043" ind1=" " ind2=" ">
            <subfield code="c">XA-CZ</subfield>
         </datafield>
         <datafield tag="110" ind1="2" ind2=" ">
            <subfield code="a">Hudební informační středisko</subfield>
            <subfield code="c">Praha</subfield>
            <subfield code="g">CZ-Pis</subfield>
         </datafield>
         <datafield tag="410" ind1="2" ind2=" ">
            <subfield code="a">Music Information Center of the Czech Music Collection</subfield>
         </datafield>
         <datafield tag="410" ind1="2" ind2=" ">
            <subfield code="a">Československo Hudební Informační Středisko</subfield>
         </datafield>
         <datafield tag="622" ind1=" " ind2=" ">
            <subfield code="e">Hudební informační středisko, Besední 3, 118 00 Praha 1, Czech Republic</subfield>
            <subfield code="u">http://www.musica.cz/cz/</subfield>
         </datafield>
      </record>