
      <record>
         <leader>00000nz  a2200169   4500</leader>
         <controlfield tag="001">30006351</controlfield>
         <controlfield tag="003">RISM</controlfield>
         <controlfield tag="005">20160216</controlfield>
         <controlfield tag="008">160216n||az|||||||##########||||||||||||</controlfield>
         <datafield tag="040" ind1=" " ind2=" ">
            <subfield code="a">CZ-Pj</subfield>
         </datafield>
         <datafield tag="043" ind1=" " ind2=" ">
            <subfield code="c">XA-CZ</subfield>
         </datafield>
         <datafield tag="110" ind1="2" ind2=" ">
            <subfield code="a">Muzeum Aloise Jiráska a Mikoláše Alše</subfield>
            <subfield code="c">Praha</subfield>
            <subfield code="g">CZ-Pj</subfield>
         </datafield>
         <datafield tag="622" ind1=" " ind2=" ">
            <subfield code="e">Muzeum Aloise Jiráska a Mikoláše Alš, Letohrádek Hvězda, 162 00 Praha 6, Czech Republic</subfield>
         </datafield>
      </record>