
      <record>
         <leader>00000nz  a2200169   4500</leader>
         <controlfield tag="001">30077019</controlfield>
         <controlfield tag="003">RISM</controlfield>
         <controlfield tag="005">20160216</controlfield>
         <controlfield tag="008">160216n||az|||||||##########||||||||||||</controlfield>
         <datafield tag="040" ind1=" " ind2=" ">
            <subfield code="a">CZ-Pkvk</subfield>
         </datafield>
         <datafield tag="110" ind1="2" ind2=" ">
            <subfield code="a">Královská kolegiátní kapitula sv. Petra a Pavla na Vyšehradě, knihovna</subfield>
            <subfield code="c">Praha</subfield>
            <subfield code="g">CZ-Pkvk</subfield>
         </datafield>
         <datafield tag="622" ind1=" " ind2=" ">
            <subfield code="e">Královská kolegiátní kapitula sv. Pe, a Pavla na Vyšehradě, knihovna, K Rotundě 10, 128 00  Praha 2, Czech Republic</subfield>
            <subfield code="u">http://www.kkvys.cz/</subfield>
         </datafield>
      </record>