
      <record>
         <leader>00000nz  a2200169   4500</leader>
         <controlfield tag="001">30004575</controlfield>
         <controlfield tag="003">RISM</controlfield>
         <controlfield tag="005">20160216</controlfield>
         <controlfield tag="008">160216n||az|||||||##########||||||||||||</controlfield>
         <datafield tag="040" ind1=" " ind2=" ">
            <subfield code="a">CZ-Pkřiž</subfield>
         </datafield>
         <datafield tag="043" ind1=" " ind2=" ">
            <subfield code="c">XA-CZ</subfield>
         </datafield>
         <datafield tag="110" ind1="2" ind2=" ">
            <subfield code="a">Rytířský řád křižovníků s červenou hvězdou, hudební sbírka</subfield>
            <subfield code="c">Praha</subfield>
            <subfield code="g">CZ-Pkřiž</subfield>
         </datafield>
         <datafield tag="410" ind1="2" ind2=" ">
            <subfield code="a">Ritterorden der Kreuzherren mit dem roten Stern, Musiksammlung</subfield>
         </datafield>
         <datafield tag="622" ind1=" " ind2=" ">
            <subfield code="e">Rytířský řád křižovníků s, červenou hvězdou, hudební sbírka, Platnéřská 4, 110 00 Praha 1, Czech Republic</subfield>
            <subfield code="u">http://www.krizovnici.eu/</subfield>
         </datafield>
      </record>