
      <record>
         <leader>00000nz  a2200169   4500</leader>
         <controlfield tag="001">30000613</controlfield>
         <controlfield tag="003">RISM</controlfield>
         <controlfield tag="005">20160216</controlfield>
         <controlfield tag="008">160216n||az|||||||##########||||||||||||</controlfield>
         <datafield tag="040" ind1=" " ind2=" ">
            <subfield code="a">CZ-PLA</subfield>
         </datafield>
         <datafield tag="043" ind1=" " ind2=" ">
            <subfield code="c">XA-CZ</subfield>
         </datafield>
         <datafield tag="110" ind1="2" ind2=" ">
            <subfield code="a">Okresní archiv Plzeň-sever, sídlo Plasy</subfield>
            <subfield code="c">Plasy</subfield>
            <subfield code="g">CZ-PLA</subfield>
         </datafield>
         <datafield tag="410" ind1="2" ind2=" ">
            <subfield code="a">Okresný archív</subfield>
         </datafield>
      </record>