
      <record>
         <leader>00000nz  a2200169   4500</leader>
         <controlfield tag="001">30000084</controlfield>
         <controlfield tag="003">RISM</controlfield>
         <controlfield tag="005">20160216</controlfield>
         <controlfield tag="008">160216n||az|||||||##########||||||||||||</controlfield>
         <datafield tag="040" ind1=" " ind2=" ">
            <subfield code="a">CZ-PLa</subfield>
         </datafield>
         <datafield tag="043" ind1=" " ind2=" ">
            <subfield code="c">XA-CZ</subfield>
         </datafield>
         <datafield tag="110" ind1="2" ind2=" ">
            <subfield code="a">Archiv města Plzně</subfield>
            <subfield code="c">Plzeň</subfield>
            <subfield code="g">CZ-PLa</subfield>
         </datafield>
         <datafield tag="410" ind1="2" ind2=" ">
            <subfield code="a">Plzeň Municipal Archive</subfield>
         </datafield>
         <datafield tag="622" ind1=" " ind2=" ">
            <subfield code="e">Archiv města Plzně, Veleslavínova 19, 301 00 Plzeň, Czech Republic</subfield>
            <subfield code="u">http://amp.plzen.eu/</subfield>
         </datafield>
      </record>