
      <record>
         <leader>00000nz  a2200169   4500</leader>
         <controlfield tag="001">30000612</controlfield>
         <controlfield tag="003">RISM</controlfield>
         <controlfield tag="005">20160216</controlfield>
         <controlfield tag="008">160216n||az|||||||##########||||||||||||</controlfield>
         <datafield tag="040" ind1=" " ind2=" ">
            <subfield code="a">CZ-PLm</subfield>
         </datafield>
         <datafield tag="043" ind1=" " ind2=" ">
            <subfield code="c">XA-CZ</subfield>
         </datafield>
         <datafield tag="110" ind1="2" ind2=" ">
            <subfield code="a">Západočeské muzeum v Plzni</subfield>
            <subfield code="c">Plzeň</subfield>
            <subfield code="g">CZ-PLm</subfield>
         </datafield>
         <datafield tag="410" ind1="2" ind2=" ">
            <subfield code="a">Západočeské muzeum, národopisné oddělení</subfield>
         </datafield>
         <datafield tag="410" ind1="2" ind2=" ">
            <subfield code="a">West Bohemian Museum, Ethnographic Department</subfield>
         </datafield>
         <datafield tag="622" ind1=" " ind2=" ">
            <subfield code="e">Západočeské muzeum v Plzni, Kopeckého sady 2, 301 00 Plzeň, Czech Republic</subfield>
            <subfield code="u">http://www.zcm.cz/</subfield>
         </datafield>
      </record>