
      <record>
         <leader>00000nz  a2200169   4500</leader>
         <controlfield tag="001">30004537</controlfield>
         <controlfield tag="003">RISM</controlfield>
         <controlfield tag="005">20160216</controlfield>
         <controlfield tag="008">160216n||az|||||||##########||||||||||||</controlfield>
         <datafield tag="040" ind1=" " ind2=" ">
            <subfield code="a">CZ-PLvk</subfield>
         </datafield>
         <datafield tag="043" ind1=" " ind2=" ">
            <subfield code="c">XA-CZ</subfield>
         </datafield>
         <datafield tag="110" ind1="2" ind2=" ">
            <subfield code="a">Studijní a vědecká knihovna Plzeňského kraje</subfield>
            <subfield code="c">Plzeň</subfield>
            <subfield code="g">CZ-PLvk</subfield>
         </datafield>
         <datafield tag="410" ind1="2" ind2=" ">
            <subfield code="a">Státní vědecká knihovna, hudební oddělení</subfield>
         </datafield>
         <datafield tag="622" ind1=" " ind2=" ">
            <subfield code="e">Studijní a vědecká knihovna, Plzeňského kraje, Smetanovy sady 2, 305 48  Plzeň, Czech Republic</subfield>
            <subfield code="u">http://www.svkpl.cz/</subfield>
         </datafield>
      </record>