
      <record>
         <leader>00000nz  a2200169   4500</leader>
         <controlfield tag="001">30000607</controlfield>
         <controlfield tag="003">RISM</controlfield>
         <controlfield tag="005">20160216</controlfield>
         <controlfield tag="008">160216n||az|||||||##########||||||||||||</controlfield>
         <datafield tag="040" ind1=" " ind2=" ">
            <subfield code="a">CZ-Pm</subfield>
         </datafield>
         <datafield tag="043" ind1=" " ind2=" ">
            <subfield code="c">XA-CZ</subfield>
         </datafield>
         <datafield tag="110" ind1="2" ind2=" ">
            <subfield code="a">Městská knihovna v Praze, Ústřední knihovna - Hudební oddělení</subfield>
            <subfield code="c">Praha</subfield>
            <subfield code="g">CZ-Pm</subfield>
         </datafield>
         <datafield tag="410" ind1="2" ind2=" ">
            <subfield code="a">Městská knihovna, hudební, divadelní a filmové oddělení</subfield>
         </datafield>
         <datafield tag="410" ind1="2" ind2=" ">
            <subfield code="a">Knihovna Bedřicha Smetany</subfield>
         </datafield>
         <datafield tag="622" ind1=" " ind2=" ">
            <subfield code="e">Městská knihovna v Praze, Ústřední,  knihovna - Hudební oddělení, Mariánské náměstí 1/98, 110 00 Praha 1, Czech Republic</subfield>
            <subfield code="u">http://www.mlp.cz/cz/kontakty/pobocky/ustredni-knihovna-hudebni-oddeleni/</subfield>
         </datafield>
      </record>