
      <record>
         <leader>00000nz  a2200169   4500</leader>
         <controlfield tag="001">30006349</controlfield>
         <controlfield tag="003">RISM</controlfield>
         <controlfield tag="005">20160216</controlfield>
         <controlfield tag="008">160216n||az|||||||##########||||||||||||</controlfield>
         <datafield tag="040" ind1=" " ind2=" ">
            <subfield code="a">CZ-Pmh</subfield>
         </datafield>
         <datafield tag="043" ind1=" " ind2=" ">
            <subfield code="c">XA-CZ</subfield>
         </datafield>
         <datafield tag="110" ind1="2" ind2=" ">
            <subfield code="a">Archiv Českobratrská církev evangelická - Knihovna Husova domu</subfield>
            <subfield code="c">Praha</subfield>
            <subfield code="g">CZ-Pmh</subfield>
         </datafield>
         <datafield tag="410" ind1="2" ind2=" ">
            <subfield code="a">Muzeum Husova domu</subfield>
         </datafield>
         <datafield tag="622" ind1=" " ind2=" ">
            <subfield code="e">Archiv Českobratrská církev evangelic, - Knihovna Husova domu, Jungmannova 9, 111 21 Praha 1, Czech Republic</subfield>
            <subfield code="u">http://www.e-cirkev.cz</subfield>
         </datafield>
      </record>