
      <record>
         <leader>00000nz  a2200169   4500</leader>
         <controlfield tag="001">30002719</controlfield>
         <controlfield tag="003">RISM</controlfield>
         <controlfield tag="005">20160216</controlfield>
         <controlfield tag="008">160216n||az|||||||##########||||||||||||</controlfield>
         <datafield tag="040" ind1=" " ind2=" ">
            <subfield code="a">CZ-Pn</subfield>
         </datafield>
         <datafield tag="043" ind1=" " ind2=" ">
            <subfield code="c">XA-CZ</subfield>
         </datafield>
         <datafield tag="110" ind1="2" ind2=" ">
            <subfield code="a">Knihovna Národního muzea</subfield>
            <subfield code="c">Praha</subfield>
            <subfield code="g">CZ-Pn</subfield>
         </datafield>
         <datafield tag="410" ind1="2" ind2=" ">
            <subfield code="a">National Museum Library</subfield>
         </datafield>
         <datafield tag="622" ind1=" " ind2=" ">
            <subfield code="e">Knihovna Národního muzea, Václavské náměstí 68, 115 79 Praha 1, Czech Republic</subfield>
            <subfield code="u">http://www.nm.cz/knihovna-cm/</subfield>
         </datafield>
      </record>