
      <record>
         <leader>00000nz  a2200169   4500</leader>
         <controlfield tag="001">30004541</controlfield>
         <controlfield tag="003">RISM</controlfield>
         <controlfield tag="005">20160216</controlfield>
         <controlfield tag="008">160216n||az|||||||##########||||||||||||</controlfield>
         <datafield tag="040" ind1=" " ind2=" ">
            <subfield code="a">CZ-Pndu</subfield>
         </datafield>
         <datafield tag="043" ind1=" " ind2=" ">
            <subfield code="c">XA-CZ</subfield>
         </datafield>
         <datafield tag="110" ind1="2" ind2=" ">
            <subfield code="a">Národní divadlo, ústřední archiv</subfield>
            <subfield code="c">Praha</subfield>
            <subfield code="g">CZ-Pndu</subfield>
         </datafield>
         <datafield tag="410" ind1="2" ind2=" ">
            <subfield code="a">National Theater, Central Archive</subfield>
         </datafield>
         <datafield tag="622" ind1=" " ind2=" ">
            <subfield code="e">Národní divadlo, ústřední archiv, Anenské náměstí 2, 110 01 Praha 1, Czech Republic</subfield>
         </datafield>
      </record>