
      <record>
         <leader>00000nz  a2200169   4500</leader>
         <controlfield tag="001">30000029</controlfield>
         <controlfield tag="003">RISM</controlfield>
         <controlfield tag="005">20160216</controlfield>
         <controlfield tag="008">160216n||az|||||||##########||||||||||||</controlfield>
         <datafield tag="040" ind1=" " ind2=" ">
            <subfield code="a">CZ-Pnm</subfield>
         </datafield>
         <datafield tag="043" ind1=" " ind2=" ">
            <subfield code="c">XA-CZ</subfield>
         </datafield>
         <datafield tag="110" ind1="2" ind2=" ">
            <subfield code="a">Národní muzeum - České muzeum hudby, hudebně-historické oddělení&#xD;
</subfield>
            <subfield code="c">Praha</subfield>
            <subfield code="g">CZ-Pnm</subfield>
         </datafield>
         <datafield tag="622" ind1=" " ind2=" ">
            <subfield code="e">Národní muzeum - České muzeum hudby,, hudebně-historické oddělení&#xD;
, Karmelitská 2, 118 00 Praha 1, Czech Republic</subfield>
            <subfield code="u">http://www.nm.cz</subfield>
         </datafield>
         <datafield tag="710" ind1="2" ind2=" ">
            <subfield code="a">Želiv, Praemonstraten-Kloster, Musiksammlung</subfield>
            <subfield code="0">30070192</subfield>
         </datafield>
      </record>