
      <record>
         <leader>00000nz  a2200169   4500</leader>
         <controlfield tag="001">30000030</controlfield>
         <controlfield tag="003">RISM</controlfield>
         <controlfield tag="005">20160216</controlfield>
         <controlfield tag="008">160216n||az|||||||##########||||||||||||</controlfield>
         <datafield tag="040" ind1=" " ind2=" ">
            <subfield code="a">CZ-POa</subfield>
         </datafield>
         <datafield tag="043" ind1=" " ind2=" ">
            <subfield code="c">XA-CZ</subfield>
         </datafield>
         <datafield tag="110" ind1="2" ind2=" ">
            <subfield code="a">Okresní archiv Nymburk, pobočka Poděbrady</subfield>
            <subfield code="c">Poděbrady</subfield>
            <subfield code="g">CZ-POa</subfield>
         </datafield>
         <datafield tag="410" ind1="2" ind2=" ">
            <subfield code="a">District Archive in Nymburk, The Lysa Nad Labem Castle-Residence, Branch in Poděbrady</subfield>
         </datafield>
      </record>