
      <record>
         <leader>00000nz  a2200169   4500</leader>
         <controlfield tag="001">30006319</controlfield>
         <controlfield tag="003">RISM</controlfield>
         <controlfield tag="005">20160216</controlfield>
         <controlfield tag="008">160216n||az|||||||##########||||||||||||</controlfield>
         <datafield tag="040" ind1=" " ind2=" ">
            <subfield code="a">CZ-POCm</subfield>
         </datafield>
         <datafield tag="043" ind1=" " ind2=" ">
            <subfield code="c">XA-CZ</subfield>
         </datafield>
         <datafield tag="110" ind1="2" ind2=" ">
            <subfield code="a">Městské muzeum</subfield>
            <subfield code="c">Počátky</subfield>
            <subfield code="g">CZ-POCm</subfield>
         </datafield>
         <datafield tag="622" ind1=" " ind2=" ">
            <subfield code="e">Městské muzeum, Palackého nám. 27, 394 64  Počátky, Czech Republic</subfield>
            <subfield code="u">http://www.pocatky.cz/pages/?pg=sect&amp;sect=6&amp;l=2&amp;sub=5&amp;id_title=6</subfield>
         </datafield>
      </record>