
      <record>
         <leader>00000nz  a2200169   4500</leader>
         <controlfield tag="001">30000614</controlfield>
         <controlfield tag="003">RISM</controlfield>
         <controlfield tag="005">20160216</controlfield>
         <controlfield tag="008">160216n||az|||||||##########||||||||||||</controlfield>
         <datafield tag="040" ind1=" " ind2=" ">
            <subfield code="a">CZ-POm</subfield>
         </datafield>
         <datafield tag="043" ind1=" " ind2=" ">
            <subfield code="c">XA-CZ</subfield>
         </datafield>
         <datafield tag="110" ind1="2" ind2=" ">
            <subfield code="a">Polabské muzeum v Poděbradech&#xD;
</subfield>
            <subfield code="c">Poděbrady</subfield>
            <subfield code="g">CZ-POm</subfield>
         </datafield>
         <datafield tag="410" ind1="2" ind2=" ">
            <subfield code="a">Helichovo Muzeum</subfield>
         </datafield>
         <datafield tag="410" ind1="2" ind2=" ">
            <subfield code="a">Oblastní muzeum</subfield>
         </datafield>
         <datafield tag="622" ind1=" " ind2=" ">
            <subfield code="e">Polabské muzeum v Poděbradech&#xD;
, Palackého 68, 290 55 Poděbrady, Czech Republic</subfield>
            <subfield code="u">http://polabskemuzeum.cz/</subfield>
         </datafield>
      </record>