
      <record>
         <leader>00000nz  a2200169   4500</leader>
         <controlfield tag="001">30006354</controlfield>
         <controlfield tag="003">RISM</controlfield>
         <controlfield tag="005">20160216</controlfield>
         <controlfield tag="008">160216n||az|||||||##########||||||||||||</controlfield>
         <datafield tag="040" ind1=" " ind2=" ">
            <subfield code="a">CZ-Pp</subfield>
         </datafield>
         <datafield tag="043" ind1=" " ind2=" ">
            <subfield code="c">XA-CZ</subfield>
         </datafield>
         <datafield tag="110" ind1="2" ind2=" ">
            <subfield code="a">Národní pedagogická knihovna J. A. Komenského</subfield>
            <subfield code="c">Praha</subfield>
            <subfield code="g">CZ-Pp</subfield>
         </datafield>
         <datafield tag="410" ind1="2" ind2=" ">
            <subfield code="a">Státní pedagogická knihovna J. A. Komenského</subfield>
         </datafield>
         <datafield tag="622" ind1=" " ind2=" ">
            <subfield code="e">Národní pedagogická knihovna J. A., Komenského, Mikulandská 5, 116 74 Praha 1, Czech Republic</subfield>
            <subfield code="u">http://www.npkk.cz/</subfield>
         </datafield>
      </record>