
      <record>
         <leader>00000nz  a2200169   4500</leader>
         <controlfield tag="001">30000243</controlfield>
         <controlfield tag="003">RISM</controlfield>
         <controlfield tag="005">20160216</controlfield>
         <controlfield tag="008">160216n||az|||||||##########||||||||||||</controlfield>
         <datafield tag="040" ind1=" " ind2=" ">
            <subfield code="a">CZ-Ppmb</subfield>
         </datafield>
         <datafield tag="043" ind1=" " ind2=" ">
            <subfield code="c">XA-CZ</subfield>
         </datafield>
         <datafield tag="110" ind1="2" ind2=" ">
            <subfield code="a">Konvent sester alžbětinek v Praze</subfield>
            <subfield code="c">Praha</subfield>
            <subfield code="g">CZ-Ppmb</subfield>
         </datafield>
         <datafield tag="410" ind1="2" ind2=" ">
            <subfield code="a">Kostel P. Marie Bolestné u Alžbětinek</subfield>
         </datafield>
         <datafield tag="622" ind1=" " ind2=" ">
            <subfield code="e">Konvent sester alžbětinek v Praze, Na Slupi 6, 128 00 Praha 2, Czech Republic</subfield>
            <subfield code="u">http://www.alzbetinkypraha.websnadno.cz/</subfield>
         </datafield>
      </record>