
      <record>
         <leader>00000nz  a2200169   4500</leader>
         <controlfield tag="001">30000609</controlfield>
         <controlfield tag="003">RISM</controlfield>
         <controlfield tag="005">20160216</controlfield>
         <controlfield tag="008">160216n||az|||||||##########||||||||||||</controlfield>
         <datafield tag="040" ind1=" " ind2=" ">
            <subfield code="a">CZ-Pr</subfield>
         </datafield>
         <datafield tag="043" ind1=" " ind2=" ">
            <subfield code="c">XA-CZ</subfield>
         </datafield>
         <datafield tag="110" ind1="2" ind2=" ">
            <subfield code="a">Český rozhlas, Fond hudebnin</subfield>
            <subfield code="c">Praha</subfield>
            <subfield code="g">CZ-Pr</subfield>
         </datafield>
         <datafield tag="410" ind1="2" ind2=" ">
            <subfield code="a">Czech radio, music archive</subfield>
         </datafield>
         <datafield tag="410" ind1="2" ind2=" ">
            <subfield code="a">Český rozhlas, Ústřední notový archiv</subfield>
         </datafield>
         <datafield tag="410" ind1="2" ind2=" ">
            <subfield code="a">Radio central music archive</subfield>
         </datafield>
         <datafield tag="410" ind1="2" ind2=" ">
            <subfield code="a">Československý Rozhlas, Hudební Archív Různá Provenience</subfield>
         </datafield>
         <datafield tag="410" ind1="2" ind2=" ">
            <subfield code="a">Československý rozhlas, ústřední hudební archív</subfield>
         </datafield>
         <datafield tag="622" ind1=" " ind2=" ">
            <subfield code="e">Český rozhlas, Fond hudebnin, Římská 13, 120 99 Praha 2, Czech Republic</subfield>
            <subfield code="u">http://www.rozhlas.cz/nakladatelstvi/portal</subfield>
         </datafield>
      </record>