
      <record>
         <leader>00000nz  a2200169   4500</leader>
         <controlfield tag="001">30004540</controlfield>
         <controlfield tag="003">RISM</controlfield>
         <controlfield tag="005">20160216</controlfield>
         <controlfield tag="008">160216n||az|||||||##########||||||||||||</controlfield>
         <datafield tag="040" ind1=" " ind2=" ">
            <subfield code="a">CZ-PRa</subfield>
         </datafield>
         <datafield tag="043" ind1=" " ind2=" ">
            <subfield code="c">XA-CZ</subfield>
         </datafield>
         <datafield tag="110" ind1="2" ind2=" ">
            <subfield code="a">Státní okresní archiv Příbram</subfield>
            <subfield code="c">Příbram</subfield>
            <subfield code="g">CZ-PRa</subfield>
         </datafield>
         <datafield tag="410" ind1="2" ind2=" ">
            <subfield code="a">Okresní archiv</subfield>
         </datafield>
         <datafield tag="622" ind1=" " ind2=" ">
            <subfield code="e">Státní okresní archiv Příbram, Edvarda Beneše 337, 261 01 Příbram VII, Czech Republic</subfield>
            <subfield code="u">http://www.soapraha.cz/pribram</subfield>
         </datafield>
      </record>