
      <record>
         <leader>00000nz  a2200169   4500</leader>
         <controlfield tag="001">30006317</controlfield>
         <controlfield tag="003">RISM</controlfield>
         <controlfield tag="005">20160216</controlfield>
         <controlfield tag="008">160216n||az|||||||##########||||||||||||</controlfield>
         <datafield tag="040" ind1=" " ind2=" ">
            <subfield code="a">CZ-PRAa</subfield>
         </datafield>
         <datafield tag="043" ind1=" " ind2=" ">
            <subfield code="c">XA-CZ</subfield>
         </datafield>
         <datafield tag="110" ind1="2" ind2=" ">
            <subfield code="a">Státní okresní archiv Prachatice</subfield>
            <subfield code="c">Prachatice</subfield>
            <subfield code="g">CZ-PRAa</subfield>
         </datafield>
         <datafield tag="622" ind1=" " ind2=" ">
            <subfield code="e">Státní okresní archiv Prachatice, Vod*n27anská 329, 383 01 Prachatice, Czech Republic</subfield>
            <subfield code="u">http://www.ceskearchivy.cz/index.php?doctree=1eh</subfield>
         </datafield>
      </record>