
      <record>
         <leader>00000nz  a2200169   4500</leader>
         <controlfield tag="001">30006316</controlfield>
         <controlfield tag="003">RISM</controlfield>
         <controlfield tag="005">20160216</controlfield>
         <controlfield tag="008">160216n||az|||||||##########||||||||||||</controlfield>
         <datafield tag="040" ind1=" " ind2=" ">
            <subfield code="a">CZ-PRAm</subfield>
         </datafield>
         <datafield tag="043" ind1=" " ind2=" ">
            <subfield code="c">XA-CZ</subfield>
         </datafield>
         <datafield tag="110" ind1="2" ind2=" ">
            <subfield code="a">Prachatické muzeum</subfield>
            <subfield code="c">Prachatice</subfield>
            <subfield code="g">CZ-PRAm</subfield>
         </datafield>
         <datafield tag="410" ind1="2" ind2=" ">
            <subfield code="a">Okresní vlastivědné muzeum</subfield>
         </datafield>
         <datafield tag="622" ind1=" " ind2=" ">
            <subfield code="e">Prachatické muzeum, Velké náměstí 13, 383 01 Prachatice, Czech Republic</subfield>
            <subfield code="u">http://www.prachatickemuzeum.cz/</subfield>
         </datafield>
      </record>