
      <record>
         <leader>00000nz  a2200169   4500</leader>
         <controlfield tag="001">30006320</controlfield>
         <controlfield tag="003">RISM</controlfield>
         <controlfield tag="005">20160216</controlfield>
         <controlfield tag="008">160216n||az|||||||##########||||||||||||</controlfield>
         <datafield tag="040" ind1=" " ind2=" ">
            <subfield code="a">CZ-PRERm</subfield>
         </datafield>
         <datafield tag="043" ind1=" " ind2=" ">
            <subfield code="c">XA-CZ</subfield>
         </datafield>
         <datafield tag="110" ind1="2" ind2=" ">
            <subfield code="a">Muzeum Komenského v Přerově</subfield>
            <subfield code="c">Přerov</subfield>
            <subfield code="g">CZ-PRERm</subfield>
         </datafield>
         <datafield tag="622" ind1=" " ind2=" ">
            <subfield code="e">Muzeum Komenského v Přerově, Horní nám. 7, 750 11  Přerov, Czech Republic</subfield>
            <subfield code="u">http://www.prerovmuzeum.cz/</subfield>
         </datafield>
      </record>