
      <record>
         <leader>00000nz  a2200169   4500</leader>
         <controlfield tag="001">30006321</controlfield>
         <controlfield tag="003">RISM</controlfield>
         <controlfield tag="005">20160216</controlfield>
         <controlfield tag="008">160216n||az|||||||##########||||||||||||</controlfield>
         <datafield tag="040" ind1=" " ind2=" ">
            <subfield code="a">CZ-PRIBm</subfield>
         </datafield>
         <datafield tag="043" ind1=" " ind2=" ">
            <subfield code="c">XA-CZ</subfield>
         </datafield>
         <datafield tag="110" ind1="2" ind2=" ">
            <subfield code="a">Městské muzeum</subfield>
            <subfield code="c">Přibyslav</subfield>
            <subfield code="g">CZ-PRIBm</subfield>
         </datafield>
         <datafield tag="622" ind1=" " ind2=" ">
            <subfield code="e">Městské muzeum, Bechy*n27ovo náměstí 45, 582 22  Přibyslav, Czech Republic</subfield>
            <subfield code="u">http://www.kzmpribyslav.estranky.cz/clanky/mestske-muzeum/</subfield>
         </datafield>
      </record>