
      <record>
         <leader>00000nz  a2200169   4500</leader>
         <controlfield tag="001">30002679</controlfield>
         <controlfield tag="003">RISM</controlfield>
         <controlfield tag="005">20160216</controlfield>
         <controlfield tag="008">160216n||az|||||||##########||||||||||||</controlfield>
         <datafield tag="040" ind1=" " ind2=" ">
            <subfield code="a">CZ-PRm</subfield>
         </datafield>
         <datafield tag="043" ind1=" " ind2=" ">
            <subfield code="c">XA-CZ</subfield>
         </datafield>
         <datafield tag="110" ind1="2" ind2=" ">
            <subfield code="a">Hornické muzeum&#xD;
</subfield>
            <subfield code="c">Příbram</subfield>
            <subfield code="g">CZ-PRm</subfield>
         </datafield>
         <datafield tag="410" ind1="2" ind2=" ">
            <subfield code="a">Okresní muzeum</subfield>
         </datafield>
         <datafield tag="622" ind1=" " ind2=" ">
            <subfield code="e">Hornické muzeum&#xD;
, nám. Hynka Kličky 293, 261 01  Příbram VI - Březové Hory, Czech Republic</subfield>
            <subfield code="u">http://www.muzeum-pribram.cz/</subfield>
         </datafield>
      </record>