
      <record>
         <leader>00000nz  a2200169   4500</leader>
         <controlfield tag="001">30006318</controlfield>
         <controlfield tag="003">RISM</controlfield>
         <controlfield tag="005">20160216</controlfield>
         <controlfield tag="008">160216n||az|||||||##########||||||||||||</controlfield>
         <datafield tag="040" ind1=" " ind2=" ">
            <subfield code="a">CZ-PROm</subfield>
         </datafield>
         <datafield tag="043" ind1=" " ind2=" ">
            <subfield code="c">XA-CZ</subfield>
         </datafield>
         <datafield tag="110" ind1="2" ind2=" ">
            <subfield code="a">Muzeum Prostějovska v Prostějově</subfield>
            <subfield code="c">Prostějov</subfield>
            <subfield code="g">CZ-PROm</subfield>
         </datafield>
         <datafield tag="410" ind1="2" ind2=" ">
            <subfield code="a">Okresní vlastivědné muzeum</subfield>
         </datafield>
         <datafield tag="622" ind1=" " ind2=" ">
            <subfield code="e">Muzeum Prostějovska v Prostějově, nám. T. G. Masaryka 2, 796 01 Prostějov, Czech Republic</subfield>
            <subfield code="u">http://www.muzeumpv.cz</subfield>
         </datafield>
      </record>