
      <record>
         <leader>00000nz  a2200169   4500</leader>
         <controlfield tag="001">30000610</controlfield>
         <controlfield tag="003">RISM</controlfield>
         <controlfield tag="005">20160216</controlfield>
         <controlfield tag="008">160216n||az|||||||##########||||||||||||</controlfield>
         <datafield tag="040" ind1=" " ind2=" ">
            <subfield code="a">CZ-Psj</subfield>
         </datafield>
         <datafield tag="043" ind1=" " ind2=" ">
            <subfield code="c">XA-CZ</subfield>
         </datafield>
         <datafield tag="110" ind1="2" ind2=" ">
            <subfield code="a">Konvent minoritů v Praze</subfield>
            <subfield code="c">Praha</subfield>
            <subfield code="g">CZ-Psj</subfield>
         </datafield>
         <datafield tag="410" ind1="2" ind2=" ">
            <subfield code="a">Farní úřad, chrám sv. Jakuba</subfield>
         </datafield>
         <datafield tag="410" ind1="2" ind2=" ">
            <subfield code="a">St. Jacob Roman Catholic Parish Office</subfield>
         </datafield>
         <datafield tag="622" ind1=" " ind2=" ">
            <subfield code="e">Konvent minoritů v Praze, Malá Štupartská 6, 110 00 Praha 1, Czech Republic</subfield>
            <subfield code="u">http://praha.minorite.cz/</subfield>
         </datafield>
      </record>