
      <record>
         <leader>00000nz  a2200169   4500</leader>
         <controlfield tag="001">30000083</controlfield>
         <controlfield tag="003">RISM</controlfield>
         <controlfield tag="005">20160216</controlfield>
         <controlfield tag="008">160216n||az|||||||##########||||||||||||</controlfield>
         <datafield tag="040" ind1=" " ind2=" ">
            <subfield code="a">CZ-Pu</subfield>
         </datafield>
         <datafield tag="043" ind1=" " ind2=" ">
            <subfield code="c">XA-CZ</subfield>
         </datafield>
         <datafield tag="110" ind1="2" ind2=" ">
            <subfield code="a">Národní knihovna České republiky</subfield>
            <subfield code="c">Praha</subfield>
            <subfield code="g">CZ-Pu</subfield>
         </datafield>
         <datafield tag="410" ind1="2" ind2=" ">
            <subfield code="a">National Library of the Czech Republic</subfield>
         </datafield>
         <datafield tag="410" ind1="2" ind2=" ">
            <subfield code="a">Universitní knihovna</subfield>
         </datafield>
         <datafield tag="622" ind1=" " ind2=" ">
            <subfield code="e">Národní knihovna České republiky, Klementinum 190, 110 00 Praha 1, Czech Republic</subfield>
            <subfield code="u">http://www.nkp.cz</subfield>
         </datafield>
      </record>