
      <record>
         <leader>00000nz  a2200169   4500</leader>
         <controlfield tag="001">30005720</controlfield>
         <controlfield tag="003">RISM</controlfield>
         <controlfield tag="005">20160216</controlfield>
         <controlfield tag="008">160216n||az|||||||##########||||||||||||</controlfield>
         <datafield tag="040" ind1=" " ind2=" ">
            <subfield code="a">CZ-Puh</subfield>
         </datafield>
         <datafield tag="043" ind1=" " ind2=" ">
            <subfield code="c">XA-CZ</subfield>
         </datafield>
         <datafield tag="110" ind1="2" ind2=" ">
            <subfield code="a">Děkanský kostel Všech svatých v Uhříněvsi</subfield>
            <subfield code="c">Praha–Uhříněves</subfield>
            <subfield code="g">CZ-Puh</subfield>
         </datafield>
         <datafield tag="622" ind1=" " ind2=" ">
            <subfield code="e">Děkanský kostel Všech svatých v,  Uhříněvsi, Nám. bří Jandusů 2/21, 104 00  Praha 10 – Uhříněves, Czech Republic</subfield>
            <subfield code="u">http://www.uhrineveska.farnost.cz/</subfield>
         </datafield>
      </record>