
      <record>
         <leader>00000nz  a2200169   4500</leader>
         <controlfield tag="001">30003983</controlfield>
         <controlfield tag="003">RISM</controlfield>
         <controlfield tag="005">20160216</controlfield>
         <controlfield tag="008">160216n||az|||||||##########||||||||||||</controlfield>
         <datafield tag="040" ind1=" " ind2=" ">
            <subfield code="a">CZ-Puk</subfield>
         </datafield>
         <datafield tag="043" ind1=" " ind2=" ">
            <subfield code="c">XA-CZ</subfield>
         </datafield>
         <datafield tag="110" ind1="2" ind2=" ">
            <subfield code="a">Univerzita Karlova - Filozofická fakulta - Ústav hudební vědy</subfield>
            <subfield code="c">Praha</subfield>
            <subfield code="g">CZ-Puk</subfield>
         </datafield>
         <datafield tag="622" ind1=" " ind2=" ">
            <subfield code="e">Univerzita Karlova - Filozofická, fakulta - Ústav hudební vědy, náměstí Jana Palacha 2, 116 38 Praha 1, Czech Republik</subfield>
            <subfield code="u">http://musicology.ff.cuni.cz/</subfield>
         </datafield>
      </record>