
      <record>
         <leader>00000nz  a2200169   4500</leader>
         <controlfield tag="001">30006062</controlfield>
         <controlfield tag="003">RISM</controlfield>
         <controlfield tag="005">20160216</controlfield>
         <controlfield tag="008">160216n||az|||||||##########||||||||||||</controlfield>
         <datafield tag="040" ind1=" " ind2=" ">
            <subfield code="a">CZ-Pza</subfield>
         </datafield>
         <datafield tag="043" ind1=" " ind2=" ">
            <subfield code="c">XA-CZ</subfield>
         </datafield>
         <datafield tag="110" ind1="2" ind2=" ">
            <subfield code="a">Knihovna Akademie věd České Republiky</subfield>
            <subfield code="c">Praha</subfield>
            <subfield code="g">CZ-Pza</subfield>
         </datafield>
         <datafield tag="410" ind1="2" ind2=" ">
            <subfield code="a">Základní knihovna</subfield>
         </datafield>
         <datafield tag="622" ind1=" " ind2=" ">
            <subfield code="e">Knihovna Akademie věd České Republiky, Národní 1009/3, 115 22  Praha 1, Czech Republic</subfield>
            <subfield code="u">http://www.lib.cas.cz/</subfield>
         </datafield>
      </record>