
      <record>
         <leader>00000nz  a2200169   4500</leader>
         <controlfield tag="001">30006356</controlfield>
         <controlfield tag="003">RISM</controlfield>
         <controlfield tag="005">20160216</controlfield>
         <controlfield tag="008">160216n||az|||||||##########||||||||||||</controlfield>
         <datafield tag="040" ind1=" " ind2=" ">
            <subfield code="a">CZ-Pzn</subfield>
         </datafield>
         <datafield tag="043" ind1=" " ind2=" ">
            <subfield code="c">XA-CZ</subfield>
         </datafield>
         <datafield tag="110" ind1="2" ind2=" ">
            <subfield code="a">Knihovna Zde*n27ka Nejedlého</subfield>
            <subfield code="c">Praha</subfield>
            <subfield code="g">CZ-Pzn</subfield>
         </datafield>
         <datafield tag="410" ind1="2" ind2=" ">
            <subfield code="a">Kabinet a knihovna Z. Nejedlého</subfield>
         </datafield>
         <datafield tag="580" ind1=" " ind2=" ">
            <subfield code="x">CZ-Pav</subfield>
            <subfield code="0">30004539</subfield>
         </datafield>
      </record>