
      <record>
         <leader>00000nz  a2200169   4500</leader>
         <controlfield tag="001">30002699</controlfield>
         <controlfield tag="003">RISM</controlfield>
         <controlfield tag="005">20160216</controlfield>
         <controlfield tag="008">160216n||az|||||||##########||||||||||||</controlfield>
         <datafield tag="040" ind1=" " ind2=" ">
            <subfield code="a">CZ-R</subfield>
         </datafield>
         <datafield tag="043" ind1=" " ind2=" ">
            <subfield code="c">XA-CZ</subfield>
         </datafield>
         <datafield tag="110" ind1="2" ind2=" ">
            <subfield code="a">Knihovna benediktinského kláštera</subfield>
            <subfield code="c">Rajhrad</subfield>
            <subfield code="g">CZ-R</subfield>
         </datafield>
         <datafield tag="622" ind1=" " ind2=" ">
            <subfield code="e">Benediktinské opatství Rajhrad, Klášter 1, 664 61  Rajhrad, Czech Republic</subfield>
         </datafield>
      </record>