
      <record>
         <leader>00000nz  a2200169   4500</leader>
         <controlfield tag="001">30000191</controlfield>
         <controlfield tag="003">RISM</controlfield>
         <controlfield tag="005">20160216</controlfield>
         <controlfield tag="008">160216n||az|||||||##########||||||||||||</controlfield>
         <datafield tag="040" ind1=" " ind2=" ">
            <subfield code="a">CZ-RA</subfield>
         </datafield>
         <datafield tag="043" ind1=" " ind2=" ">
            <subfield code="c">XA-CZ</subfield>
         </datafield>
         <datafield tag="110" ind1="2" ind2=" ">
            <subfield code="a">Státní okresní archiv v Rakovníku se sídlem Petrovice, zámek</subfield>
            <subfield code="c">Rakovník</subfield>
            <subfield code="g">CZ-RA</subfield>
         </datafield>
         <datafield tag="410" ind1="2" ind2=" ">
            <subfield code="a">District Archive in Rakovník, The Petrovice Castle Residence</subfield>
         </datafield>
         <datafield tag="622" ind1=" " ind2=" ">
            <subfield code="e">Státní okresní archiv v Rakovníku se,  sídlem Petrovice, zámek, Zámek, 270 35 Petrovice u Rakovníka, Czech Republic</subfield>
         </datafield>
      </record>