
      <record>
         <leader>00000nz  a2200169   4500</leader>
         <controlfield tag="001">30002680</controlfield>
         <controlfield tag="003">RISM</controlfield>
         <controlfield tag="005">20160216</controlfield>
         <controlfield tag="008">160216n||az|||||||##########||||||||||||</controlfield>
         <datafield tag="040" ind1=" " ind2=" ">
            <subfield code="a">CZ-RAm</subfield>
         </datafield>
         <datafield tag="043" ind1=" " ind2=" ">
            <subfield code="c">XA-CZ</subfield>
         </datafield>
         <datafield tag="110" ind1="2" ind2=" ">
            <subfield code="a">Muzeum Rakovník</subfield>
            <subfield code="c">Rakovník</subfield>
            <subfield code="g">CZ-RAm</subfield>
         </datafield>
         <datafield tag="410" ind1="2" ind2=" ">
            <subfield code="a">Městské museum</subfield>
         </datafield>
         <datafield tag="410" ind1="2" ind2=" ">
            <subfield code="a">District Civic Museum</subfield>
         </datafield>
         <datafield tag="622" ind1=" " ind2=" ">
            <subfield code="e">Muzeum Rakovník, Náměstí obětovaných, č.p 1, 269 01 Rakovník, Czech Republic</subfield>
            <subfield code="u">http://www.muzeumtgm.cz/cz</subfield>
         </datafield>
      </record>