
      <record>
         <leader>00000nz  a2200169   4500</leader>
         <controlfield tag="001">30080440</controlfield>
         <controlfield tag="003">RISM</controlfield>
         <controlfield tag="005">20160216</controlfield>
         <controlfield tag="008">160216n||az|||||||##########||||||||||||</controlfield>
         <datafield tag="040" ind1=" " ind2=" ">
            <subfield code="a">CZ-RArf</subfield>
         </datafield>
         <datafield tag="043" ind1=" " ind2=" ">
            <subfield code="c">CZ</subfield>
         </datafield>
         <datafield tag="110" ind1="2" ind2=" ">
            <subfield code="a">Římskokatolická farnost</subfield>
            <subfield code="c">Rakovník</subfield>
            <subfield code="g">CZ-RArf</subfield>
         </datafield>
         <datafield tag="622" ind1=" " ind2=" ">
            <subfield code="e">Římskokatolická farnost, Žižkovo nám. 189, 269 01 Rakovník, Czech Republic</subfield>
            <subfield code="u">http://rkfrakovnik.webnode.cz/</subfield>
         </datafield>
      </record>