
      <record>
         <leader>00000nz  a2200169   4500</leader>
         <controlfield tag="001">30000616</controlfield>
         <controlfield tag="003">RISM</controlfield>
         <controlfield tag="005">20160216</controlfield>
         <controlfield tag="008">160216n||az|||||||##########||||||||||||</controlfield>
         <datafield tag="040" ind1=" " ind2=" ">
            <subfield code="a">CZ-RO</subfield>
         </datafield>
         <datafield tag="043" ind1=" " ind2=" ">
            <subfield code="c">XA-CZ</subfield>
         </datafield>
         <datafield tag="110" ind1="2" ind2=" ">
            <subfield code="a">Muzeum Dr. Bohuslava Horáka v Rokycanech</subfield>
            <subfield code="c">Rokycany</subfield>
            <subfield code="g">CZ-RO</subfield>
         </datafield>
         <datafield tag="410" ind1="2" ind2=" ">
            <subfield code="a">Okresní muzeum</subfield>
         </datafield>
         <datafield tag="410" ind1="2" ind2=" ">
            <subfield code="a">District Museum</subfield>
         </datafield>
         <datafield tag="410" ind1="2" ind2=" ">
            <subfield code="a">Městské muzeum</subfield>
         </datafield>
         <datafield tag="622" ind1=" " ind2=" ">
            <subfield code="e">Muzeum Dr. Bohuslava Horáka v Rokycanec, nám. J. Urbana 141/I, 337 01 Rokycany, Czech Republic</subfield>
            <subfield code="u">http://www.muzeumrokycany.cz/</subfield>
         </datafield>
      </record>