
      <record>
         <leader>00000nz  a2200169   4500</leader>
         <controlfield tag="001">30002670</controlfield>
         <controlfield tag="003">RISM</controlfield>
         <controlfield tag="005">20160216</controlfield>
         <controlfield tag="008">160216n||az|||||||##########||||||||||||</controlfield>
         <datafield tag="040" ind1=" " ind2=" ">
            <subfield code="a">CZ-ROU</subfield>
         </datafield>
         <datafield tag="043" ind1=" " ind2=" ">
            <subfield code="c">XA-CZ</subfield>
         </datafield>
         <datafield tag="110" ind1="2" ind2=" ">
            <subfield code="a">Proboštský chrám Narození P. Marie</subfield>
            <subfield code="c">Roudnice nad Labem</subfield>
            <subfield code="g">CZ-ROU</subfield>
         </datafield>
         <datafield tag="410" ind1="2" ind2=" ">
            <subfield code="a">Archiv proboštství</subfield>
         </datafield>
      </record>