
      <record>
         <leader>00000nz  a2200169   4500</leader>
         <controlfield tag="001">30077284</controlfield>
         <controlfield tag="003">RISM</controlfield>
         <controlfield tag="005">20160216</controlfield>
         <controlfield tag="008">160216n||az|||||||##########||||||||||||</controlfield>
         <datafield tag="040" ind1=" " ind2=" ">
            <subfield code="a">CZ-ROZdu</subfield>
         </datafield>
         <datafield tag="043" ind1=" " ind2=" ">
            <subfield code="c">CZ</subfield>
         </datafield>
         <datafield tag="110" ind1="2" ind2=" ">
            <subfield code="a">Děkanský úřad</subfield>
            <subfield code="c">Rožďalovice</subfield>
            <subfield code="g">CZ-ROZdu</subfield>
         </datafield>
         <datafield tag="580" ind1=" " ind2=" ">
            <subfield code="x">CZ-LYsoa</subfield>
            <subfield code="0">30077283</subfield>
         </datafield>
      </record>