
      <record>
         <leader>00000nz  a2200169   4500</leader>
         <controlfield tag="001">30006323</controlfield>
         <controlfield tag="003">RISM</controlfield>
         <controlfield tag="005">20160216</controlfield>
         <controlfield tag="008">160216n||az|||||||##########||||||||||||</controlfield>
         <datafield tag="040" ind1=" " ind2=" ">
            <subfield code="a">CZ-RRm</subfield>
         </datafield>
         <datafield tag="043" ind1=" " ind2=" ">
            <subfield code="c">XA-CZ</subfield>
         </datafield>
         <datafield tag="110" ind1="2" ind2=" ">
            <subfield code="a">Valašské muzeum v přirodě</subfield>
            <subfield code="c">Rožnov pod Radhoštěm</subfield>
            <subfield code="g">CZ-RRm</subfield>
         </datafield>
         <datafield tag="622" ind1=" " ind2=" ">
            <subfield code="e">Valašské muzeum v přirodě, Palackého 147, 756 61  Rožnov pod Radhoštěm, Czech Republic</subfield>
            <subfield code="u">http://www.vmp.cz/</subfield>
         </datafield>
      </record>