
      <record>
         <leader>00000nz  a2200169   4500</leader>
         <controlfield tag="001">30000618</controlfield>
         <controlfield tag="003">RISM</controlfield>
         <controlfield tag="005">20160216</controlfield>
         <controlfield tag="008">160216n||az|||||||##########||||||||||||</controlfield>
         <datafield tag="040" ind1=" " ind2=" ">
            <subfield code="a">CZ-RU</subfield>
         </datafield>
         <datafield tag="043" ind1=" " ind2=" ">
            <subfield code="c">XA-CZ</subfield>
         </datafield>
         <datafield tag="110" ind1="2" ind2=" ">
            <subfield code="a">Muzeum Rumburk, pobočka Oblastního muzea v Děčíně</subfield>
            <subfield code="c">Rumburk</subfield>
            <subfield code="g">CZ-RU</subfield>
         </datafield>
         <datafield tag="410" ind1="2" ind2=" ">
            <subfield code="a">Městské muzeum</subfield>
         </datafield>
         <datafield tag="622" ind1=" " ind2=" ">
            <subfield code="e">Muzeum Rumburk, pobočka Oblastního muzea,  v Děčíně, Na Valech 401/4, 408 01 Rumburk, Czech Republic</subfield>
            <subfield code="u">http://muzeumdc.cz/pobocky/9/9</subfield>
         </datafield>
      </record>