
      <record>
         <leader>00000nz  a2200169   4500</leader>
         <controlfield tag="001">30003988</controlfield>
         <controlfield tag="003">RISM</controlfield>
         <controlfield tag="005">20160216</controlfield>
         <controlfield tag="008">160216n||az|||||||##########||||||||||||</controlfield>
         <datafield tag="040" ind1=" " ind2=" ">
            <subfield code="a">CZ-RUsb</subfield>
         </datafield>
         <datafield tag="043" ind1=" " ind2=" ">
            <subfield code="c">XA-CZ</subfield>
         </datafield>
         <datafield tag="110" ind1="2" ind2=" ">
            <subfield code="a">Děkanský kostel sv. Bartoloměje</subfield>
            <subfield code="c">Rumburk</subfield>
            <subfield code="g">CZ-RUsb</subfield>
         </datafield>
         <datafield tag="622" ind1=" " ind2=" ">
            <subfield code="e">Děkanský kostel sv. Bartoloměje, Náměstí Dobrovského 379/11, 408 01 RUMBURK 1, TSCHECHISCHE REPUBLIK</subfield>
            <subfield code="u">http://rumburk.farnost.cz/</subfield>
         </datafield>
      </record>