
      <record>
         <leader>00000nz  a2200169   4500</leader>
         <controlfield tag="001">30000619</controlfield>
         <controlfield tag="003">RISM</controlfield>
         <controlfield tag="005">20160216</controlfield>
         <controlfield tag="008">160216n||az|||||||##########||||||||||||</controlfield>
         <datafield tag="040" ind1=" " ind2=" ">
            <subfield code="a">CZ-RY</subfield>
         </datafield>
         <datafield tag="043" ind1=" " ind2=" ">
            <subfield code="c">XA-CZ</subfield>
         </datafield>
         <datafield tag="110" ind1="2" ind2=" ">
            <subfield code="a">Muzeum a galerie Orlických hor&#xD;
</subfield>
            <subfield code="c">Rychnov nad Kněžnou</subfield>
            <subfield code="g">CZ-RY</subfield>
         </datafield>
         <datafield tag="410" ind1="2" ind2=" ">
            <subfield code="a">Okresní museum</subfield>
         </datafield>
         <datafield tag="622" ind1=" " ind2=" ">
            <subfield code="e">Muzeum a galerie Orlických hor&#xD;
, Jiráskova 2, 516 01 Rychnov nad Kněžnou, Czech Republic</subfield>
            <subfield code="u">http://www.moh.cz/</subfield>
         </datafield>
      </record>