
      <record>
         <leader>00000nz  a2200169   4500</leader>
         <controlfield tag="001">30006324</controlfield>
         <controlfield tag="003">RISM</controlfield>
         <controlfield tag="005">20160216</controlfield>
         <controlfield tag="008">160216n||az|||||||##########||||||||||||</controlfield>
         <datafield tag="040" ind1=" " ind2=" ">
            <subfield code="a">CZ-RYk</subfield>
         </datafield>
         <datafield tag="043" ind1=" " ind2=" ">
            <subfield code="c">XA-CZ</subfield>
         </datafield>
         <datafield tag="110" ind1="2" ind2=" ">
            <subfield code="a">Zámecká knihovna</subfield>
            <subfield code="c">Rychnov nad Kněžnou</subfield>
            <subfield code="g">CZ-RYk</subfield>
         </datafield>
         <datafield tag="622" ind1=" " ind2=" ">
            <subfield code="e">Zámecká knihovna, Kolowratská 1, 516 01 Rychnov nad Kněžnou, Czech Republic</subfield>
            <subfield code="u">http://www.kolowrat.com/</subfield>
         </datafield>
      </record>