
      <record>
         <leader>00000nz  a2200169   4500</leader>
         <controlfield tag="001">30002681</controlfield>
         <controlfield tag="003">RISM</controlfield>
         <controlfield tag="005">20160216</controlfield>
         <controlfield tag="008">160216n||az|||||||##########||||||||||||</controlfield>
         <datafield tag="040" ind1=" " ind2=" ">
            <subfield code="a">CZ-S</subfield>
         </datafield>
         <datafield tag="043" ind1=" " ind2=" ">
            <subfield code="c">XA-CZ</subfield>
         </datafield>
         <datafield tag="110" ind1="2" ind2=" ">
            <subfield code="a">Městské muzeum</subfield>
            <subfield code="c">Sedlčany</subfield>
            <subfield code="g">CZ-S</subfield>
         </datafield>
         <datafield tag="410" ind1="2" ind2=" ">
            <subfield code="a">Městské museum na Červeném Hrádku</subfield>
         </datafield>
         <datafield tag="622" ind1=" " ind2=" ">
            <subfield code="e">Městské muzeum, Tyršova 136, 264 01 Sedlčany, Czech Republic</subfield>
            <subfield code="u">http://www.muzeum-sedlcany.cz</subfield>
         </datafield>
      </record>