
      <record>
         <leader>00000nz  a2200169   4500</leader>
         <controlfield tag="001">30003989</controlfield>
         <controlfield tag="003">RISM</controlfield>
         <controlfield tag="005">20160216</controlfield>
         <controlfield tag="008">160216n||az|||||||##########||||||||||||</controlfield>
         <datafield tag="040" ind1=" " ind2=" ">
            <subfield code="a">CZ-SE</subfield>
         </datafield>
         <datafield tag="043" ind1=" " ind2=" ">
            <subfield code="c">XA-CZ</subfield>
         </datafield>
         <datafield tag="110" ind1="2" ind2=" ">
            <subfield code="a">Státní okresní archiv Semily</subfield>
            <subfield code="c">Semily</subfield>
            <subfield code="g">CZ-SE</subfield>
         </datafield>
         <datafield tag="410" ind1="2" ind2=" ">
            <subfield code="a">State District Archives Semily</subfield>
         </datafield>
         <datafield tag="622" ind1=" " ind2=" ">
            <subfield code="e">Státní okresní archiv Semily, Archivní 570, 513 01 Semily-Podmoklice, Czech Republic</subfield>
            <subfield code="u">http://www.soalitomerice.cz/content/soka-semily</subfield>
         </datafield>
         <datafield tag="710" ind1="2" ind2=" ">
            <subfield code="a">Musiksammlung aus der Kirche in Rokytnice a/Iser</subfield>
            <subfield code="0">30070194</subfield>
         </datafield>
      </record>