
      <record>
         <leader>00000nz  a2200169   4500</leader>
         <controlfield tag="001">30006325</controlfield>
         <controlfield tag="003">RISM</controlfield>
         <controlfield tag="005">20160216</controlfield>
         <controlfield tag="008">160216n||az|||||||##########||||||||||||</controlfield>
         <datafield tag="040" ind1=" " ind2=" ">
            <subfield code="a">CZ-SKm</subfield>
         </datafield>
         <datafield tag="043" ind1=" " ind2=" ">
            <subfield code="c">XA-CZ</subfield>
         </datafield>
         <datafield tag="110" ind1="2" ind2=" ">
            <subfield code="a">Městské muzeum ve Skutči</subfield>
            <subfield code="c">Skuteč</subfield>
            <subfield code="g">CZ-SKm</subfield>
         </datafield>
         <datafield tag="622" ind1=" " ind2=" ">
            <subfield code="e">Městské muzeum ve Skutči, Rybičkova 364, 539 73 Skuteč, Czech Republic</subfield>
            <subfield code="u">http://muzeum.skutec.cz</subfield>
         </datafield>
      </record>