
      <record>
         <leader>00000nz  a2200169   4500</leader>
         <controlfield tag="001">30000190</controlfield>
         <controlfield tag="003">RISM</controlfield>
         <controlfield tag="005">20160216</controlfield>
         <controlfield tag="008">160216n||az|||||||##########||||||||||||</controlfield>
         <datafield tag="040" ind1=" " ind2=" ">
            <subfield code="a">CZ-SO</subfield>
         </datafield>
         <datafield tag="043" ind1=" " ind2=" ">
            <subfield code="c">XA-CZ</subfield>
         </datafield>
         <datafield tag="110" ind1="2" ind2=" ">
            <subfield code="a">Státní okresní archiv Sokolov se sídlem v Jindřichovicích</subfield>
            <subfield code="c">Jindřichovice v Krušných horách (Okres Sokolov)</subfield>
            <subfield code="g">CZ-SO</subfield>
         </datafield>
         <datafield tag="622" ind1=" " ind2=" ">
            <subfield code="e">Státní okresní archiv Sokolov se sídlem,  v Jindřichovicích, Jindřichovice 1 - zámek, 357 05 Jindřichovice v Krušných horách, Czech Republic</subfield>
            <subfield code="u">http://www.soaplzen.cz/soka-so</subfield>
         </datafield>
         <datafield tag="710" ind1="2" ind2=" ">
            <subfield code="a">Josef Krejčí, Notenarchiv</subfield>
            <subfield code="0">30070193</subfield>
         </datafield>
      </record>