
      <record>
         <leader>00000nz  a2200169   4500</leader>
         <controlfield tag="001">30006327</controlfield>
         <controlfield tag="003">RISM</controlfield>
         <controlfield tag="005">20160216</controlfield>
         <controlfield tag="008">160216n||az|||||||##########||||||||||||</controlfield>
         <datafield tag="040" ind1=" " ind2=" ">
            <subfield code="a">CZ-SOBm</subfield>
         </datafield>
         <datafield tag="043" ind1=" " ind2=" ">
            <subfield code="c">XA-CZ</subfield>
         </datafield>
         <datafield tag="110" ind1="2" ind2=" ">
            <subfield code="a">Blatské muzeum v Soběslavi a Veselí nad Lužnicí, Knihovna</subfield>
            <subfield code="c">Soběslav</subfield>
            <subfield code="g">CZ-SOBm</subfield>
         </datafield>
         <datafield tag="410" ind1="2" ind2=" ">
            <subfield code="a">Muzeum jihočeských blat</subfield>
         </datafield>
         <datafield tag="622" ind1=" " ind2=" ">
            <subfield code="e">Blatské muzeum v Soběslavi a Veselí n, Lužnicí, Knihovna, Rožmberský dům, Petra Voka 152/I, 392 01 Soběslav, Czech Republic</subfield>
            <subfield code="u">http://www.husitskemuzeum.cz/</subfield>
         </datafield>
      </record>