
      <record>
         <leader>00000nz  a2200169   4500</leader>
         <controlfield tag="001">30006328</controlfield>
         <controlfield tag="003">RISM</controlfield>
         <controlfield tag="005">20160216</controlfield>
         <controlfield tag="008">160216n||az|||||||##########||||||||||||</controlfield>
         <datafield tag="040" ind1=" " ind2=" ">
            <subfield code="a">CZ-STm</subfield>
         </datafield>
         <datafield tag="043" ind1=" " ind2=" ">
            <subfield code="c">XA-CZ</subfield>
         </datafield>
         <datafield tag="110" ind1="2" ind2=" ">
            <subfield code="a">Muzeum středního Pootaví</subfield>
            <subfield code="c">Strakonice</subfield>
            <subfield code="g">CZ-STm</subfield>
         </datafield>
         <datafield tag="622" ind1=" " ind2=" ">
            <subfield code="e">Muzeum středního Pootaví, Zámek 1, 386 01  Strakonice, Czech Republic</subfield>
            <subfield code="u">http://www.muzeum-strakonice.cz</subfield>
         </datafield>
      </record>