
      <record>
         <leader>00000nz  a2200169   4500</leader>
         <controlfield tag="001">30003929</controlfield>
         <controlfield tag="003">RISM</controlfield>
         <controlfield tag="005">20160216</controlfield>
         <controlfield tag="008">160216n||az|||||||##########||||||||||||</controlfield>
         <datafield tag="040" ind1=" " ind2=" ">
            <subfield code="a">CZ-SUm</subfield>
         </datafield>
         <datafield tag="043" ind1=" " ind2=" ">
            <subfield code="c">XA-CZ</subfield>
         </datafield>
         <datafield tag="110" ind1="2" ind2=" ">
            <subfield code="a">Muzeum Šumavy</subfield>
            <subfield code="c">Sušice</subfield>
            <subfield code="g">CZ-SUm</subfield>
         </datafield>
         <datafield tag="622" ind1=" " ind2=" ">
            <subfield code="e">Muzeum Šumavy, Nám. Svobody 40, 342 01 Sušice, Czech Republic</subfield>
            <subfield code="u">http://www.muzeum.sumava.net/muzeum_sumavy/</subfield>
         </datafield>
      </record>