
      <record>
         <leader>00000nz  a2200169   4500</leader>
         <controlfield tag="001">30006329</controlfield>
         <controlfield tag="003">RISM</controlfield>
         <controlfield tag="005">20160216</controlfield>
         <controlfield tag="008">160216n||az|||||||##########||||||||||||</controlfield>
         <datafield tag="040" ind1=" " ind2=" ">
            <subfield code="a">CZ-TAm</subfield>
         </datafield>
         <datafield tag="043" ind1=" " ind2=" ">
            <subfield code="c">XA-CZ</subfield>
         </datafield>
         <datafield tag="110" ind1="2" ind2=" ">
            <subfield code="a">Husitské muzeum v Táboře</subfield>
            <subfield code="c">Tábor</subfield>
            <subfield code="g">CZ-TAm</subfield>
         </datafield>
         <datafield tag="410" ind1="2" ind2=" ">
            <subfield code="a">Muzeum husitského revolučního hnu</subfield>
         </datafield>
         <datafield tag="622" ind1=" " ind2=" ">
            <subfield code="e">Husitské muzeum v Táboře, Náměstí Mikuláše z Husi 44, 390 01 Tábor, Czech Republic</subfield>
            <subfield code="u">http://www.husitskemuzeum.cz/</subfield>
         </datafield>
      </record>