
      <record>
         <leader>00000nz  a2200169   4500</leader>
         <controlfield tag="001">30076890</controlfield>
         <controlfield tag="003">RISM</controlfield>
         <controlfield tag="005">20160216</controlfield>
         <controlfield tag="008">160216n||az|||||||##########||||||||||||</controlfield>
         <datafield tag="040" ind1=" " ind2=" ">
            <subfield code="a">CZ-TAoa</subfield>
         </datafield>
         <datafield tag="043" ind1=" " ind2=" ">
            <subfield code="c">XA-CZ</subfield>
         </datafield>
         <datafield tag="110" ind1="2" ind2=" ">
            <subfield code="a">Státní okresní archiv</subfield>
            <subfield code="c">Tábor</subfield>
            <subfield code="g">CZ-TAoa</subfield>
         </datafield>
         <datafield tag="622" ind1=" " ind2=" ">
            <subfield code="e">Státní okresní archiv, Na Parkánech 1623, 390 01 Tábor, Czech Republic</subfield>
            <subfield code="u">http://www.ceskearchivy.cz/index.php?doctree=1ej</subfield>
         </datafield>
      </record>