
      <record>
         <leader>00000nz  a2200169   4500</leader>
         <controlfield tag="001">30070364</controlfield>
         <controlfield tag="003">RISM</controlfield>
         <controlfield tag="005">20160216</controlfield>
         <controlfield tag="008">160216n||az|||||||##########||||||||||||</controlfield>
         <datafield tag="040" ind1=" " ind2=" ">
            <subfield code="a">CZ-TAS</subfield>
         </datafield>
         <datafield tag="043" ind1=" " ind2=" ">
            <subfield code="c">XA-CZ</subfield>
         </datafield>
         <datafield tag="110" ind1="2" ind2=" ">
            <subfield code="a">Farní knihovna &lt;Tasovice&gt;</subfield>
            <subfield code="c">Tasovice</subfield>
            <subfield code="g">CZ-TAS</subfield>
         </datafield>
         <datafield tag="410" ind1="2" ind2=" ">
            <subfield code="a">Parish library</subfield>
         </datafield>
      </record>