
      <record>
         <leader>00000nz  a2200169   4500</leader>
         <controlfield tag="001">30079264</controlfield>
         <controlfield tag="003">RISM</controlfield>
         <controlfield tag="005">20160216</controlfield>
         <controlfield tag="008">160216n||az|||||||##########||||||||||||</controlfield>
         <datafield tag="040" ind1=" " ind2=" ">
            <subfield code="a">CZ-TCa</subfield>
         </datafield>
         <datafield tag="043" ind1=" " ind2=" ">
            <subfield code="c">CZ</subfield>
         </datafield>
         <datafield tag="110" ind1="2" ind2=" ">
            <subfield code="a">Státní okresní archiv v Třebíči</subfield>
            <subfield code="c">Třebíč</subfield>
            <subfield code="g">CZ-TCa</subfield>
         </datafield>
         <datafield tag="622" ind1=" " ind2=" ">
            <subfield code="e">Státní okresní archiv v Třebíči, Na Potoce 21/23, 674 01 Třebíč, Czech Republic</subfield>
            <subfield code="u">http://trebic.mza.cz/</subfield>
         </datafield>
      </record>