
      <record>
         <leader>00000nz  a2200169   4500</leader>
         <controlfield tag="001">30006332</controlfield>
         <controlfield tag="003">RISM</controlfield>
         <controlfield tag="005">20160216</controlfield>
         <controlfield tag="008">160216n||az|||||||##########||||||||||||</controlfield>
         <datafield tag="040" ind1=" " ind2=" ">
            <subfield code="a">CZ-TCm</subfield>
         </datafield>
         <datafield tag="043" ind1=" " ind2=" ">
            <subfield code="c">XA-CZ</subfield>
         </datafield>
         <datafield tag="110" ind1="2" ind2=" ">
            <subfield code="a">Muzeum Vysočiny</subfield>
            <subfield code="c">Třebíč</subfield>
            <subfield code="g">CZ-TCm</subfield>
         </datafield>
         <datafield tag="410" ind1="2" ind2=" ">
            <subfield code="a">Západomoravské muzeum</subfield>
         </datafield>
         <datafield tag="622" ind1=" " ind2=" ">
            <subfield code="e">Muzeum Vysočiny Třebíč, Kosmákova 66, 67401 Třebíč, Czech Republic</subfield>
            <subfield code="u">http://www.zamek-trebic.cz/</subfield>
         </datafield>
      </record>