
      <record>
         <leader>00000nz  a2200169   4500</leader>
         <controlfield tag="001">30003990</controlfield>
         <controlfield tag="003">RISM</controlfield>
         <controlfield tag="005">20160216</controlfield>
         <controlfield tag="008">160216n||az|||||||##########||||||||||||</controlfield>
         <datafield tag="040" ind1=" " ind2=" ">
            <subfield code="a">CZ-TEk</subfield>
         </datafield>
         <datafield tag="043" ind1=" " ind2=" ">
            <subfield code="c">XA-CZ</subfield>
         </datafield>
         <datafield tag="110" ind1="2" ind2=" ">
            <subfield code="a">Děkanský kostel sv. Jana Křtitele</subfield>
            <subfield code="c">Teplice</subfield>
            <subfield code="g">CZ-TEk</subfield>
         </datafield>
         <datafield tag="622" ind1=" " ind2=" ">
            <subfield code="e">Děkanský kostel sv. Jana Křtitele, Zámecké náměstí 71/9, 415 01 Teplice, Czech Republic</subfield>
         </datafield>
      </record>