
      <record>
         <leader>00000nz  a2200169   4500</leader>
         <controlfield tag="001">30006330</controlfield>
         <controlfield tag="003">RISM</controlfield>
         <controlfield tag="005">20160216</controlfield>
         <controlfield tag="008">160216n||az|||||||##########||||||||||||</controlfield>
         <datafield tag="040" ind1=" " ind2=" ">
            <subfield code="a">CZ-TELm</subfield>
         </datafield>
         <datafield tag="043" ind1=" " ind2=" ">
            <subfield code="c">XA-CZ</subfield>
         </datafield>
         <datafield tag="110" ind1="2" ind2=" ">
            <subfield code="a">Muzeum Vysočiny Jihlava, pobočka Telč</subfield>
            <subfield code="c">Telč</subfield>
            <subfield code="g">CZ-TELm</subfield>
         </datafield>
         <datafield tag="622" ind1=" " ind2=" ">
            <subfield code="e">Muzeum Vysočiny Jihlava, pobočka Telč, Nám. Zachariáše z Hradce 1, 588 56 Telč, Czech Republic</subfield>
            <subfield code="u">http://muzeum.ji.cz/</subfield>
         </datafield>
      </record>