
      <record>
         <leader>00000nz  a2200169   4500</leader>
         <controlfield tag="001">30000189</controlfield>
         <controlfield tag="003">RISM</controlfield>
         <controlfield tag="005">20160216</controlfield>
         <controlfield tag="008">160216n||az|||||||##########||||||||||||</controlfield>
         <datafield tag="040" ind1=" " ind2=" ">
            <subfield code="a">CZ-TEP</subfield>
         </datafield>
         <datafield tag="043" ind1=" " ind2=" ">
            <subfield code="c">XA-CZ</subfield>
         </datafield>
         <datafield tag="110" ind1="2" ind2=" ">
            <subfield code="a">Kostel sv. Vavřince</subfield>
            <subfield code="c">Teplice nad Metují</subfield>
            <subfield code="g">CZ-TEP</subfield>
         </datafield>
         <datafield tag="622" ind1=" " ind2=" ">
            <subfield code="e">Kostel sv. Vavřince, Horní 11, 549 57 Teplice nad Metují, Czech Republic</subfield>
            <subfield code="u">http://www.bihk.cz/dieceze/teplice-nad-metuji/</subfield>
         </datafield>
      </record>