
      <record>
         <leader>00000nz  a2200169   4500</leader>
         <controlfield tag="001">30006179</controlfield>
         <controlfield tag="003">RISM</controlfield>
         <controlfield tag="005">20160216</controlfield>
         <controlfield tag="008">160216n||az|||||||##########||||||||||||</controlfield>
         <datafield tag="040" ind1=" " ind2=" ">
            <subfield code="a">CZ-TPk</subfield>
         </datafield>
         <datafield tag="043" ind1=" " ind2=" ">
            <subfield code="c">XA-CZ</subfield>
         </datafield>
         <datafield tag="110" ind1="2" ind2=" ">
            <subfield code="a">Klášter premonstrátů</subfield>
            <subfield code="c">Teplá</subfield>
            <subfield code="g">CZ-TPk</subfield>
         </datafield>
         <datafield tag="410" ind1="2" ind2=" ">
            <subfield code="a">Prämonstratenserkloster Tepl</subfield>
         </datafield>
         <datafield tag="622" ind1=" " ind2=" ">
            <subfield code="e">Klášter premonstrátů, Kanonie premonstrátu Teplá, knihovna,,  č.p. 1, 364 61 Teplá, Czech Republic</subfield>
            <subfield code="u">http://www.klastertepla.cz/</subfield>
         </datafield>
      </record>