
      <record>
         <leader>00000nz  a2200169   4500</leader>
         <controlfield tag="001">30002684</controlfield>
         <controlfield tag="003">RISM</controlfield>
         <controlfield tag="005">20160216</controlfield>
         <controlfield tag="008">160216n||az|||||||##########||||||||||||</controlfield>
         <datafield tag="040" ind1=" " ind2=" ">
            <subfield code="a">CZ-TRBm</subfield>
         </datafield>
         <datafield tag="043" ind1=" " ind2=" ">
            <subfield code="c">XA-CZ</subfield>
         </datafield>
         <datafield tag="110" ind1="2" ind2=" ">
            <subfield code="a">Muzeum českého granatú v Třebenicích</subfield>
            <subfield code="c">Třebenice</subfield>
            <subfield code="g">CZ-TRBm</subfield>
         </datafield>
         <datafield tag="622" ind1=" " ind2=" ">
            <subfield code="e">Muzeum českého granatú v Třebenicích, Loucká, 41113 Třebenice, Czech Republic</subfield>
            <subfield code="u">http://www.mesto-trebenice.cz/provoz/ds-5737/p1=4728</subfield>
         </datafield>
      </record>