
      <record>
         <leader>00000nz  a2200169   4500</leader>
         <controlfield tag="001">30000623</controlfield>
         <controlfield tag="003">RISM</controlfield>
         <controlfield tag="005">20160216</controlfield>
         <controlfield tag="008">160216n||az|||||||##########||||||||||||</controlfield>
         <datafield tag="040" ind1=" " ind2=" ">
            <subfield code="a">CZ-TRE</subfield>
         </datafield>
         <datafield tag="043" ind1=" " ind2=" ">
            <subfield code="c">XA-CZ</subfield>
         </datafield>
         <datafield tag="110" ind1="2" ind2=" ">
            <subfield code="a">Státní oblastní archiv v Třeboni</subfield>
            <subfield code="c">Třeboň</subfield>
            <subfield code="g">CZ-TRE</subfield>
         </datafield>
         <datafield tag="410" ind1="2" ind2=" ">
            <subfield code="a">State Regional Archive</subfield>
         </datafield>
         <datafield tag="622" ind1=" " ind2=" ">
            <subfield code="e">Státní oblastní archiv v Třeboni, Zámek, 379 11 Třeboň, Czech Republic</subfield>
            <subfield code="u">http://www.ceskearchivy.cz/index.php?doctree=1a</subfield>
         </datafield>
      </record>