
      <record>
         <leader>00000nz  a2200169   4500</leader>
         <controlfield tag="001">30000624</controlfield>
         <controlfield tag="003">RISM</controlfield>
         <controlfield tag="005">20160216</controlfield>
         <controlfield tag="008">160216n||az|||||||##########||||||||||||</controlfield>
         <datafield tag="040" ind1=" " ind2=" ">
            <subfield code="a">CZ-TREd</subfield>
         </datafield>
         <datafield tag="043" ind1=" " ind2=" ">
            <subfield code="c">XA-CZ</subfield>
         </datafield>
         <datafield tag="110" ind1="2" ind2=" ">
            <subfield code="a">Římskokatolická farnost Třeboň</subfield>
            <subfield code="c">Třeboň</subfield>
            <subfield code="g">CZ-TREd</subfield>
         </datafield>
         <datafield tag="410" ind1="2" ind2=" ">
            <subfield code="a">Děkanský úřad, kostel sv. Jiljí</subfield>
         </datafield>
         <datafield tag="410" ind1="2" ind2=" ">
            <subfield code="a">Dean's Office</subfield>
         </datafield>
         <datafield tag="622" ind1=" " ind2=" ">
            <subfield code="e">Římskokatolická farnost Třeboň, Husova ul. 142/II, 379 01 Třeboň, Czech Republic</subfield>
            <subfield code="u">http://www.trebon.farnost.cz/index.php</subfield>
         </datafield>
      </record>