
      <record>
         <leader>00000nz  a2200169   4500</leader>
         <controlfield tag="001">30000086</controlfield>
         <controlfield tag="003">RISM</controlfield>
         <controlfield tag="005">20160216</controlfield>
         <controlfield tag="008">160216n||az|||||||##########||||||||||||</controlfield>
         <datafield tag="040" ind1=" " ind2=" ">
            <subfield code="a">CZ-TU</subfield>
         </datafield>
         <datafield tag="043" ind1=" " ind2=" ">
            <subfield code="c">XA-CZ</subfield>
         </datafield>
         <datafield tag="110" ind1="2" ind2=" ">
            <subfield code="a">Muzeum Českého ráje v Turnově</subfield>
            <subfield code="c">Turnov</subfield>
            <subfield code="g">CZ-TU</subfield>
         </datafield>
         <datafield tag="410" ind1="2" ind2=" ">
            <subfield code="a">Okresní muzeum Českého ráje</subfield>
         </datafield>
         <datafield tag="622" ind1=" " ind2=" ">
            <subfield code="e">Muzeum Českého ráje v Turnově, Skálova 71, 511 01 Turnov, Czech Republic</subfield>
            <subfield code="u">http://www.muzeum-turnov.cz</subfield>
         </datafield>
      </record>