
      <record>
         <leader>00000nz  a2200169   4500</leader>
         <controlfield tag="001">30003991</controlfield>
         <controlfield tag="003">RISM</controlfield>
         <controlfield tag="005">20160216</controlfield>
         <controlfield tag="008">160216n||az|||||||##########||||||||||||</controlfield>
         <datafield tag="040" ind1=" " ind2=" ">
            <subfield code="a">CZ-TY</subfield>
         </datafield>
         <datafield tag="043" ind1=" " ind2=" ">
            <subfield code="c">XA-CZ</subfield>
         </datafield>
         <datafield tag="110" ind1="2" ind2=" ">
            <subfield code="a">Městské muzeum</subfield>
            <subfield code="c">Týn nad Vltavou</subfield>
            <subfield code="g">CZ-TY</subfield>
         </datafield>
         <datafield tag="410" ind1="2" ind2=" ">
            <subfield code="a">Municipal Museum</subfield>
         </datafield>
         <datafield tag="622" ind1=" " ind2=" ">
            <subfield code="e">Městské muzeum, náměstí Míru 1, 375 01  Týn nad Vltavou, Czech Republic</subfield>
            <subfield code="u">http://www.tnv.cz/mestske-muzeum/ds-1260</subfield>
         </datafield>
      </record>