
      <record>
         <leader>00000nz  a2200169   4500</leader>
         <controlfield tag="001">30006334</controlfield>
         <controlfield tag="003">RISM</controlfield>
         <controlfield tag="005">20160216</controlfield>
         <controlfield tag="008">160216n||az|||||||##########||||||||||||</controlfield>
         <datafield tag="040" ind1=" " ind2=" ">
            <subfield code="a">CZ-UBm</subfield>
         </datafield>
         <datafield tag="043" ind1=" " ind2=" ">
            <subfield code="c">XA-CZ</subfield>
         </datafield>
         <datafield tag="110" ind1="2" ind2=" ">
            <subfield code="a">Muzeum Jana Amose Komenského&#xD;
</subfield>
            <subfield code="c">Uherský Brod</subfield>
            <subfield code="g">CZ-UBm</subfield>
         </datafield>
         <datafield tag="622" ind1=" " ind2=" ">
            <subfield code="e">Muzeum Jana Amose Komenského&#xD;
, Přemysla Otakara II. č. 37, 688 12 Uherský Brod, Czech Republic</subfield>
            <subfield code="u">http://www.mjakub.cz</subfield>
         </datafield>
      </record>