
      <record>
         <leader>00000nz  a2200169   4500</leader>
         <controlfield tag="001">30006335</controlfield>
         <controlfield tag="003">RISM</controlfield>
         <controlfield tag="005">20160216</controlfield>
         <controlfield tag="008">160216n||az|||||||##########||||||||||||</controlfield>
         <datafield tag="040" ind1=" " ind2=" ">
            <subfield code="a">CZ-UHm</subfield>
         </datafield>
         <datafield tag="043" ind1=" " ind2=" ">
            <subfield code="c">XA-CZ</subfield>
         </datafield>
         <datafield tag="110" ind1="2" ind2=" ">
            <subfield code="a">Slovácké muzeum</subfield>
            <subfield code="c">Uherské Hradiště</subfield>
            <subfield code="g">CZ-UHm</subfield>
         </datafield>
         <datafield tag="622" ind1=" " ind2=" ">
            <subfield code="e">Slovácké muzeum, Smetanovy sady 179, 686 01 Uherské Hradiště, Czech Republic</subfield>
            <subfield code="u">http://www.slovackemuzeum.cz/</subfield>
         </datafield>
      </record>