
      <record>
         <leader>00000nz  a2200169   4500</leader>
         <controlfield tag="001">30002687</controlfield>
         <controlfield tag="003">RISM</controlfield>
         <controlfield tag="005">20160216</controlfield>
         <controlfield tag="008">160216n||az|||||||##########||||||||||||</controlfield>
         <datafield tag="040" ind1=" " ind2=" ">
            <subfield code="a">CZ-VB</subfield>
         </datafield>
         <datafield tag="043" ind1=" " ind2=" ">
            <subfield code="c">XA-CZ</subfield>
         </datafield>
         <datafield tag="110" ind1="2" ind2=" ">
            <subfield code="a">Knihovna cisterciáckého kláštera</subfield>
            <subfield code="c">Vyšší Brod</subfield>
            <subfield code="g">CZ-VB</subfield>
         </datafield>
         <datafield tag="622" ind1=" " ind2=" ">
            <subfield code="e">Knihovna cisterciáckého kláštera, Klášter 137, 382 73 Vyšší Brod, Czech Republic</subfield>
            <subfield code="u">http://klastervyssibrod.cz</subfield>
         </datafield>
      </record>