
      <record>
         <leader>00000nz  a2200169   4500</leader>
         <controlfield tag="001">30006341</controlfield>
         <controlfield tag="003">RISM</controlfield>
         <controlfield tag="005">20160216</controlfield>
         <controlfield tag="008">160216n||az|||||||##########||||||||||||</controlfield>
         <datafield tag="040" ind1=" " ind2=" ">
            <subfield code="a">CZ-VJm</subfield>
         </datafield>
         <datafield tag="043" ind1=" " ind2=" ">
            <subfield code="c">XA-CZ</subfield>
         </datafield>
         <datafield tag="110" ind1="2" ind2=" ">
            <subfield code="a">Vlastivědné muzeum</subfield>
            <subfield code="c">Vysoké nad Jizerou</subfield>
            <subfield code="g">CZ-VJm</subfield>
         </datafield>
         <datafield tag="622" ind1=" " ind2=" ">
            <subfield code="e">Vlastivědné muzeum, 512 11 Vysoké nad Jizerou, Czech Republic</subfield>
            <subfield code="u">http://vysokenj.sweb.cz/muzeum/</subfield>
         </datafield>
      </record>