
      <record>
         <leader>00000nz  a2200169   4500</leader>
         <controlfield tag="001">30000627</controlfield>
         <controlfield tag="003">RISM</controlfield>
         <controlfield tag="005">20160216</controlfield>
         <controlfield tag="008">160216n||az|||||||##########||||||||||||</controlfield>
         <datafield tag="040" ind1=" " ind2=" ">
            <subfield code="a">CZ-VM</subfield>
         </datafield>
         <datafield tag="043" ind1=" " ind2=" ">
            <subfield code="c">XA-CZ</subfield>
         </datafield>
         <datafield tag="110" ind1="2" ind2=" ">
            <subfield code="a">Regionální muzeum ve Vysokém Mýtě&#xD;
</subfield>
            <subfield code="c">Vysoké Mýto</subfield>
            <subfield code="g">CZ-VM</subfield>
         </datafield>
         <datafield tag="410" ind1="2" ind2=" ">
            <subfield code="a">Okresní muzeum A. V. Šembery</subfield>
         </datafield>
         <datafield tag="622" ind1=" " ind2=" ">
            <subfield code="e">Regionální muzeum ve Vysokém Mýtě&#xD;
, Šemberova 125/I, 566 01 Vysoké Mýto, Czech Republic</subfield>
            <subfield code="u">http://www.muzeum.myto.cz</subfield>
         </datafield>
      </record>