
      <record>
         <leader>00000nz  a2200169   4500</leader>
         <controlfield tag="001">30006337</controlfield>
         <controlfield tag="003">RISM</controlfield>
         <controlfield tag="005">20160216</controlfield>
         <controlfield tag="008">160216n||az|||||||##########||||||||||||</controlfield>
         <datafield tag="040" ind1=" " ind2=" ">
            <subfield code="a">CZ-VMZm</subfield>
         </datafield>
         <datafield tag="043" ind1=" " ind2=" ">
            <subfield code="c">XA-CZ</subfield>
         </datafield>
         <datafield tag="110" ind1="2" ind2=" ">
            <subfield code="a">Muzeum regionu Valašsko, muzeum ve Valašském Meziříčí</subfield>
            <subfield code="c">Valašské Meziříčí</subfield>
            <subfield code="g">CZ-VMZm</subfield>
         </datafield>
         <datafield tag="622" ind1=" " ind2=" ">
            <subfield code="e">Muzeum regionu Valašsko, muzeum ve, Valašském Meziříčí, Zámecká 3, 757 01 Valašské Meziříčí, Czech Republic</subfield>
            <subfield code="u">http://www.muzeumvalassko.cz/</subfield>
         </datafield>
      </record>