
      <record>
         <leader>00000nz  a2200169   4500</leader>
         <controlfield tag="001">30004576</controlfield>
         <controlfield tag="003">RISM</controlfield>
         <controlfield tag="005">20160216</controlfield>
         <controlfield tag="008">160216n||az|||||||##########||||||||||||</controlfield>
         <datafield tag="040" ind1=" " ind2=" ">
            <subfield code="a">CZ-VR</subfield>
         </datafield>
         <datafield tag="043" ind1=" " ind2=" ">
            <subfield code="c">XA-CZ</subfield>
         </datafield>
         <datafield tag="110" ind1="2" ind2=" ">
            <subfield code="a">Státní zámek</subfield>
            <subfield code="c">Vranov nad Dyjí</subfield>
            <subfield code="g">CZ-VR</subfield>
         </datafield>
         <datafield tag="410" ind1="2" ind2=" ">
            <subfield code="a">Zámecká sbírka</subfield>
         </datafield>
         <datafield tag="622" ind1=" " ind2=" ">
            <subfield code="e">Státní zámek, Zámecká 93, 671 03 Vranov nad Dyjí, Czech Republic</subfield>
            <subfield code="u">http://www.zamek-vranov.cz/</subfield>
         </datafield>
      </record>