
      <record>
         <leader>00000nz  a2200169   4500</leader>
         <controlfield tag="001">30006339</controlfield>
         <controlfield tag="003">RISM</controlfield>
         <controlfield tag="005">20160216</controlfield>
         <controlfield tag="008">160216n||az|||||||##########||||||||||||</controlfield>
         <datafield tag="040" ind1=" " ind2=" ">
            <subfield code="a">CZ-VSm</subfield>
         </datafield>
         <datafield tag="043" ind1=" " ind2=" ">
            <subfield code="c">XA-CZ</subfield>
         </datafield>
         <datafield tag="110" ind1="2" ind2=" ">
            <subfield code="a">Muzeum regionu Valašsko ve Vsetíně</subfield>
            <subfield code="c">Vsetín</subfield>
            <subfield code="g">CZ-VSm</subfield>
         </datafield>
         <datafield tag="622" ind1=" " ind2=" ">
            <subfield code="e">Muzeum regionu Valašsko ve Vsetíně, Horní nám. 2, 755 01 Vsetín, Czech Republic</subfield>
            <subfield code="u">http://stare.muzeumvalassko.cz</subfield>
         </datafield>
      </record>