
      <record>
         <leader>00000nz  a2200169   4500</leader>
         <controlfield tag="001">30006342</controlfield>
         <controlfield tag="003">RISM</controlfield>
         <controlfield tag="005">20160216</controlfield>
         <controlfield tag="008">160216n||az|||||||##########||||||||||||</controlfield>
         <datafield tag="040" ind1=" " ind2=" ">
            <subfield code="a">CZ-VYm</subfield>
         </datafield>
         <datafield tag="043" ind1=" " ind2=" ">
            <subfield code="c">XA-CZ</subfield>
         </datafield>
         <datafield tag="110" ind1="2" ind2=" ">
            <subfield code="a">Muzeum Vyškovska</subfield>
            <subfield code="c">Vyškov</subfield>
            <subfield code="g">CZ-VYm</subfield>
         </datafield>
         <datafield tag="622" ind1=" " ind2=" ">
            <subfield code="e">Muzeum Vyškovska, nám. Československé armády 2, 682 01 Vyškov, Czech Republic</subfield>
            <subfield code="u">http://www.muzeum-vyskovska.cz/</subfield>
         </datafield>
      </record>