
      <record>
         <leader>00000nz  a2200169   4500</leader>
         <controlfield tag="001">30002668</controlfield>
         <controlfield tag="003">RISM</controlfield>
         <controlfield tag="005">20160216</controlfield>
         <controlfield tag="008">160216n||az|||||||##########||||||||||||</controlfield>
         <datafield tag="040" ind1=" " ind2=" ">
            <subfield code="a">CZ-ZAT</subfield>
         </datafield>
         <datafield tag="043" ind1=" " ind2=" ">
            <subfield code="c">XA-CZ</subfield>
         </datafield>
         <datafield tag="110" ind1="2" ind2=" ">
            <subfield code="a">Regionální muzeum K. A. Polánka</subfield>
            <subfield code="c">Žatec</subfield>
            <subfield code="g">CZ-ZAT</subfield>
         </datafield>
         <datafield tag="410" ind1="2" ind2=" ">
            <subfield code="a">Vlastivědné Muzeum</subfield>
         </datafield>
         <datafield tag="622" ind1=" " ind2=" ">
            <subfield code="e">Regionální muzeum K. A. Polánka, Husova 678, 438 01 Žatec, Czech Republic</subfield>
            <subfield code="u">http://www.muzeumzatec.cz/hlavni-budova.html</subfield>
         </datafield>
      </record>