
      <record>
         <leader>00000nz  a2200169   4500</leader>
         <controlfield tag="001">30079263</controlfield>
         <controlfield tag="003">RISM</controlfield>
         <controlfield tag="005">20160216</controlfield>
         <controlfield tag="008">160216n||az|||||||##########||||||||||||</controlfield>
         <datafield tag="040" ind1=" " ind2=" ">
            <subfield code="a">CZ-ZEL</subfield>
         </datafield>
         <datafield tag="043" ind1=" " ind2=" ">
            <subfield code="c">CZ</subfield>
         </datafield>
         <datafield tag="110" ind1="2" ind2=" ">
            <subfield code="a">Kůr klášterního kostela Narození Panny Marie</subfield>
            <subfield code="c">Želiv</subfield>
            <subfield code="g">CZ-ZEL</subfield>
         </datafield>
         <datafield tag="622" ind1=" " ind2=" ">
            <subfield code="e">Kůr klášterního kostela Narození Panny,  Marie, Kanonie premonstrátů v Želivě, 394 44  Želiv, Czech Republic</subfield>
            <subfield code="u">http://www.zeliv.eu</subfield>
         </datafield>
      </record>