
      <record>
         <leader>00000nz  a2200169   4500</leader>
         <controlfield tag="001">30000630</controlfield>
         <controlfield tag="003">RISM</controlfield>
         <controlfield tag="005">20160216</controlfield>
         <controlfield tag="008">160216n||az|||||||##########||||||||||||</controlfield>
         <datafield tag="040" ind1=" " ind2=" ">
            <subfield code="a">CZ-ZI</subfield>
         </datafield>
         <datafield tag="043" ind1=" " ind2=" ">
            <subfield code="c">XA-CZ</subfield>
         </datafield>
         <datafield tag="110" ind1="2" ind2=" ">
            <subfield code="a">Státní oblastní archiv v Litoměřicích, pobočka v Žitenicích</subfield>
            <subfield code="c">Žitenice</subfield>
            <subfield code="g">CZ-ZI</subfield>
         </datafield>
         <datafield tag="410" ind1="2" ind2=" ">
            <subfield code="a">State Regional Archive in Litoměřice - Branch in Žitenice</subfield>
         </datafield>
         <datafield tag="622" ind1=" " ind2=" ">
            <subfield code="e">Státní oblastní archiv v Litoměřicích,,  pobočka v Žitenicích, Zámek, 411 41 Žitenice, Czech Republic</subfield>
         </datafield>
      </record>