
      <record>
         <leader>00000nz  a2200169   4500</leader>
         <controlfield tag="001">30003993</controlfield>
         <controlfield tag="003">RISM</controlfield>
         <controlfield tag="005">20160216</controlfield>
         <controlfield tag="008">160216n||az|||||||##########||||||||||||</controlfield>
         <datafield tag="040" ind1=" " ind2=" ">
            <subfield code="a">CZ-ZL</subfield>
         </datafield>
         <datafield tag="043" ind1=" " ind2=" ">
            <subfield code="c">XA-CZ</subfield>
         </datafield>
         <datafield tag="110" ind1="2" ind2=" ">
            <subfield code="a">Památník Antonína Dvořáka</subfield>
            <subfield code="c">Zlonice</subfield>
            <subfield code="g">CZ-ZL</subfield>
         </datafield>
         <datafield tag="622" ind1=" " ind2=" ">
            <subfield code="e">Památník Antonína Dvořáka, Komenského 20, 273 71 Zlonice, Czech Republic</subfield>
            <subfield code="u">http://www.padzlonice.cz/</subfield>
         </datafield>
      </record>