
      <record>
         <leader>00000nz  a2200169   4500</leader>
         <controlfield tag="001">30076131</controlfield>
         <controlfield tag="003">RISM</controlfield>
         <controlfield tag="005">20160216</controlfield>
         <controlfield tag="008">160216n||az|||||||##########||||||||||||</controlfield>
         <datafield tag="040" ind1=" " ind2=" ">
            <subfield code="a">CZ-ŘET</subfield>
         </datafield>
         <datafield tag="043" ind1=" " ind2=" ">
            <subfield code="c">CZ</subfield>
         </datafield>
         <datafield tag="110" ind1="2" ind2=" ">
            <subfield code="a">Kostel sv. Maří Magdaleny</subfield>
            <subfield code="c">Řetová</subfield>
            <subfield code="g">CZ-ŘET</subfield>
         </datafield>
         <datafield tag="580" ind1=" " ind2=" ">
            <subfield code="x">CZ-Pu</subfield>
            <subfield code="0">30000083</subfield>
         </datafield>
      </record>
   </collection>
 
